%YAML 1.1
%TAG !u! tag:unity3d.com,2011:
--- !u!1 &3875383761091340760
GameObject:
  m_ObjectHideFlags: 0
  m_CorrespondingSourceObject: {fileID: 0}
  m_PrefabInstance: {fileID: 0}
  m_PrefabAsset: {fileID: 0}
  serializedVersion: 6
  m_Component:
  - component: {fileID: 3875383761091340763}
  m_Layer: 0
  m_Name: ring_03_l
  m_TagString: Untagged
  m_Icon: {fileID: 0}
  m_NavMeshLayer: 0
  m_StaticEditorFlags: 0
  m_IsActive: 1
--- !u!4 &3875383761091340763
Transform:
  m_ObjectHideFlags: 0
  m_CorrespondingSourceObject: {fileID: 0}
  m_PrefabInstance: {fileID: 0}
  m_PrefabAsset: {fileID: 0}
  m_GameObject: {fileID: 3875383761091340760}
  m_LocalRotation: {x: -0.0020952122, y: -0.009489396, z: 0.0024848802, w: 0.9999497}
  m_LocalPosition: {x: -0.04316089, y: -0.0024548052, z: -0.0026254496}
  m_LocalScale: {x: 1, y: 1, z: 1}
  m_Children: []
  m_Father: {fileID: 3875383761377015713}
  m_RootOrder: 0
  m_LocalEulerAnglesHint: {x: 0, y: 0, z: 0}
--- !u!1 &3875383761099618649
GameObject:
  m_ObjectHideFlags: 0
  m_CorrespondingSourceObject: {fileID: 0}
  m_PrefabInstance: {fileID: 0}
  m_PrefabAsset: {fileID: 0}
  serializedVersion: 6
  m_Component:
  - component: {fileID: 3875383761099618648}
  m_Layer: 0
  m_Name: ring_01_r
  m_TagString: Untagged
  m_Icon: {fileID: 0}
  m_NavMeshLayer: 0
  m_StaticEditorFlags: 0
  m_IsActive: 1
--- !u!4 &3875383761099618648
Transform:
  m_ObjectHideFlags: 0
  m_CorrespondingSourceObject: {fileID: 0}
  m_PrefabInstance: {fileID: 0}
  m_PrefabAsset: {fileID: 0}
  m_GameObject: {fileID: 3875383761099618649}
  m_LocalRotation: {x: -0.0022036482, y: 0.004168381, z: -0.022912893, w: 0.99972636}
  m_LocalPosition: {x: 0.10911854, y: 0.03261257, z: -0.010748135}
  m_LocalScale: {x: 1, y: 1, z: 1}
  m_Children:
  - {fileID: 3875383763210484020}
  m_Father: {fileID: 3875383761114090256}
  m_RootOrder: 1
  m_LocalEulerAnglesHint: {x: 0, y: 0, z: 0}
--- !u!1 &3875383761105940646
GameObject:
  m_ObjectHideFlags: 0
  m_CorrespondingSourceObject: {fileID: 0}
  m_PrefabInstance: {fileID: 0}
  m_PrefabAsset: {fileID: 0}
  serializedVersion: 6
  m_Component:
  - component: {fileID: 3875383761105940641}
  m_Layer: 0
  m_Name: index_03_l
  m_TagString: Untagged
  m_Icon: {fileID: 0}
  m_NavMeshLayer: 0
  m_StaticEditorFlags: 0
  m_IsActive: 1
--- !u!4 &3875383761105940641
Transform:
  m_ObjectHideFlags: 0
  m_CorrespondingSourceObject: {fileID: 0}
  m_PrefabInstance: {fileID: 0}
  m_PrefabAsset: {fileID: 0}
  m_GameObject: {fileID: 3875383761105940646}
  m_LocalRotation: {x: 0.014050877, y: -0.016224818, z: 0.014749223, w: 0.99966085}
  m_LocalPosition: {x: -0.039459866, y: -0.00060846546, z: 0.0011372627}
  m_LocalScale: {x: 1, y: 1, z: 1}
  m_Children: []
  m_Father: {fileID: 3875383761124975287}
  m_RootOrder: 0
  m_LocalEulerAnglesHint: {x: 0, y: 0, z: 0}
--- !u!1 &3875383761114090257
GameObject:
  m_ObjectHideFlags: 0
  m_CorrespondingSourceObject: {fileID: 0}
  m_PrefabInstance: {fileID: 0}
  m_PrefabAsset: {fileID: 0}
  serializedVersion: 6
  m_Component:
  - component: {fileID: 3875383761114090256}
  m_Layer: 0
  m_Name: hand_r
  m_TagString: Untagged
  m_Icon: {fileID: 0}
  m_NavMeshLayer: 0
  m_StaticEditorFlags: 0
  m_IsActive: 1
--- !u!4 &3875383761114090256
Transform:
  m_ObjectHideFlags: 0
  m_CorrespondingSourceObject: {fileID: 0}
  m_PrefabInstance: {fileID: 0}
  m_PrefabAsset: {fileID: 0}
  m_GameObject: {fileID: 3875383761114090257}
  m_LocalRotation: {x: -0.70176476, y: 0.0026466139, z: -0.00076921494, w: 0.7124034}
  m_LocalPosition: {x: 0.1851453, y: 0.004826761, z: 0.00012}
  m_LocalScale: {x: 1, y: 1, z: 1}
  m_Children:
  - {fileID: 3875383761940935496}
  - {fileID: 3875383761099618648}
  - {fileID: 3875383761984883966}
  - {fileID: 3875383762892614665}
  m_Father: {fileID: 3875383762796227322}
  m_RootOrder: 0
  m_LocalEulerAnglesHint: {x: 0, y: 0, z: 0}
--- !u!1 &3875383761124975284
GameObject:
  m_ObjectHideFlags: 0
  m_CorrespondingSourceObject: {fileID: 0}
  m_PrefabInstance: {fileID: 0}
  m_PrefabAsset: {fileID: 0}
  serializedVersion: 6
  m_Component:
  - component: {fileID: 3875383761124975287}
  m_Layer: 0
  m_Name: index_02_l
  m_TagString: Untagged
  m_Icon: {fileID: 0}
  m_NavMeshLayer: 0
  m_StaticEditorFlags: 0
  m_IsActive: 1
--- !u!4 &3875383761124975287
Transform:
  m_ObjectHideFlags: 0
  m_CorrespondingSourceObject: {fileID: 0}
  m_PrefabInstance: {fileID: 0}
  m_PrefabAsset: {fileID: 0}
  m_GameObject: {fileID: 3875383761124975284}
  m_LocalRotation: {x: 0.0069556003, y: 0.003193588, z: -0.052581947, w: 0.9985873}
  m_LocalPosition: {x: -0.060072307, y: 0.00467801, z: 0.0034518028}
  m_LocalScale: {x: 1, y: 1, z: 1}
  m_Children:
  - {fileID: 3875383761105940641}
  m_Father: {fileID: 3875383762172675758}
  m_RootOrder: 0
  m_LocalEulerAnglesHint: {x: 0, y: 0, z: 0}
--- !u!1 &3875383761129394262
GameObject:
  m_ObjectHideFlags: 0
  m_CorrespondingSourceObject: {fileID: 0}
  m_PrefabInstance: {fileID: 0}
  m_PrefabAsset: {fileID: 0}
  serializedVersion: 6
  m_Component:
  - component: {fileID: 3880277851576458809}
  - component: {fileID: 3875383761129394268}
  - component: {fileID: 3875383761129394269}
  - component: {fileID: 3875383761129394258}
  - component: {fileID: 3875383761129394259}
  - component: {fileID: 3875383761129394256}
  - component: {fileID: 3875383761129394257}
  - component: {fileID: 4798508257219801766}
  - component: {fileID: 4798508257219801767}
  m_Layer: 0
  m_Name: Player
  m_TagString: Player
  m_Icon: {fileID: 0}
  m_NavMeshLayer: 0
  m_StaticEditorFlags: 0
  m_IsActive: 1
--- !u!4 &3880277851576458809
Transform:
  m_ObjectHideFlags: 0
  m_CorrespondingSourceObject: {fileID: 0}
  m_PrefabInstance: {fileID: 0}
  m_PrefabAsset: {fileID: 0}
  m_GameObject: {fileID: 3875383761129394262}
  m_LocalRotation: {x: -0, y: 0.7053489, z: -0, w: 0.70886034}
  m_LocalPosition: {x: 0.542, y: 0.04, z: 0.446}
  m_LocalScale: {x: 0.5, y: 0.5, z: 0.5}
  m_Children:
  - {fileID: 3875383761160509774}
  - {fileID: 3875383762503199508}
  - {fileID: 3875383761282906538}
  m_Father: {fileID: 0}
  m_RootOrder: 0
  m_LocalEulerAnglesHint: {x: 0, y: 89.715004, z: 0}
--- !u!95 &3875383761129394268
Animator:
  serializedVersion: 3
  m_ObjectHideFlags: 0
  m_CorrespondingSourceObject: {fileID: 0}
  m_PrefabInstance: {fileID: 0}
  m_PrefabAsset: {fileID: 0}
  m_GameObject: {fileID: 3875383761129394262}
  m_Enabled: 1
  m_Avatar: {fileID: 9000000, guid: d9a1483b77bf10e4e851678ab6c2e54e, type: 3}
  m_Controller: {fileID: 9100000, guid: 2b17af8fe79c82a438b66a7484b16b71, type: 2}
  m_CullingMode: 1
  m_UpdateMode: 0
  m_ApplyRootMotion: 0
  m_LinearVelocityBlending: 0
  m_WarningMessage: 
  m_HasTransformHierarchy: 1
  m_AllowConstantClipSamplingOptimization: 1
  m_KeepAnimatorControllerStateOnDisable: 0
--- !u!136 &3875383761129394269
CapsuleCollider:
  m_ObjectHideFlags: 0
  m_CorrespondingSourceObject: {fileID: 0}
  m_PrefabInstance: {fileID: 0}
  m_PrefabAsset: {fileID: 0}
  m_GameObject: {fileID: 3875383761129394262}
  m_Material: {fileID: 0}
  m_IsTrigger: 0
  m_Enabled: 1
  m_Radius: 0.29517803
  m_Height: 1.2320688
  m_Direction: 1
  m_Center: {x: 0, y: 0.65, z: 0}
--- !u!143 &3875383761129394258
CharacterController:
  m_ObjectHideFlags: 0
  m_CorrespondingSourceObject: {fileID: 0}
  m_PrefabInstance: {fileID: 0}
  m_PrefabAsset: {fileID: 0}
  m_GameObject: {fileID: 3875383761129394262}
  m_Material: {fileID: 0}
  m_IsTrigger: 0
  m_Enabled: 1
  serializedVersion: 2
  m_Height: 1.232069
  m_Radius: 0.295178
  m_SlopeLimit: 45
  m_StepOffset: 0.3
  m_SkinWidth: 0.08
  m_MinMoveDistance: 0.001
  m_Center: {x: 0, y: 0.65, z: 0}
--- !u!108 &3875383761129394259
Light:
  m_ObjectHideFlags: 0
  m_CorrespondingSourceObject: {fileID: 0}
  m_PrefabInstance: {fileID: 0}
  m_PrefabAsset: {fileID: 0}
  m_GameObject: {fileID: 3875383761129394262}
  m_Enabled: 1
  serializedVersion: 8
  m_Type: 0
  m_Color: {r: 1, g: 0.9851234, b: 0.4198113, a: 1}
  m_Intensity: 5
  m_Range: 30
  m_SpotAngle: 65
  m_CookieSize: 10
  m_Shadows:
    m_Type: 1
    m_Resolution: -1
    m_CustomResolution: -1
    m_Strength: 1
    m_Bias: 0
    m_NormalBias: 0.4
    m_NearPlane: 0.2
  m_Cookie: {fileID: 0}
  m_DrawHalo: 0
  m_Flare: {fileID: 0}
  m_RenderMode: 0
  m_CullingMask:
    serializedVersion: 2
    m_Bits: 4294967295
  m_Lightmapping: 4
  m_LightShadowCasterMode: 0
  m_AreaSize: {x: 1, y: 1}
  m_BounceIntensity: 1
  m_ColorTemperature: 6570
  m_UseColorTemperature: 0
  m_ShadowRadius: 0
  m_ShadowAngle: 0
--- !u!114 &3875383761129394256
MonoBehaviour:
  m_ObjectHideFlags: 0
  m_CorrespondingSourceObject: {fileID: 0}
  m_PrefabInstance: {fileID: 0}
  m_PrefabAsset: {fileID: 0}
  m_GameObject: {fileID: 3875383761129394262}
  m_Enabled: 1
  m_EditorHideFlags: 0
  m_Script: {fileID: 11500000, guid: 4649717f687b9e3448ad5bcb847a65c0, type: 3}
  m_Name: 
  m_EditorClassIdentifier: 
  SpeedMove: 1.5
--- !u!114 &3875383761129394257
MonoBehaviour:
  m_ObjectHideFlags: 0
  m_CorrespondingSourceObject: {fileID: 0}
  m_PrefabInstance: {fileID: 0}
  m_PrefabAsset: {fileID: 0}
  m_GameObject: {fileID: 3875383761129394262}
  m_Enabled: 1
  m_EditorHideFlags: 0
  m_Script: {fileID: 11500000, guid: a16394a2c0ad3a94fab3829a0d02829a, type: 3}
  m_Name: 
  m_EditorClassIdentifier: 
  TextScore: {fileID: 0}
--- !u!54 &4798508257219801766
Rigidbody:
  m_ObjectHideFlags: 0
  m_CorrespondingSourceObject: {fileID: 0}
  m_PrefabInstance: {fileID: 0}
  m_PrefabAsset: {fileID: 0}
  m_GameObject: {fileID: 3875383761129394262}
  serializedVersion: 2
  m_Mass: 1
  m_Drag: 0
  m_AngularDrag: 0.05
  m_UseGravity: 1
  m_IsKinematic: 1
  m_Interpolate: 0
  m_Constraints: 0
  m_CollisionDetection: 0
--- !u!114 &4798508257219801767
MonoBehaviour:
  m_ObjectHideFlags: 0
  m_CorrespondingSourceObject: {fileID: 0}
  m_PrefabInstance: {fileID: 0}
  m_PrefabAsset: {fileID: 0}
  m_GameObject: {fileID: 3875383761129394262}
  m_Enabled: 1
  m_EditorHideFlags: 0
  m_Script: {fileID: 11500000, guid: 9ec41f4d6c43e8d448fc5e5e811ce6ad, type: 3}
  m_Name: 
  m_EditorClassIdentifier: 
  UIHP: {fileID: 0}
  HP: 1
--- !u!1 &3875383761146760502
GameObject:
  m_ObjectHideFlags: 0
  m_CorrespondingSourceObject: {fileID: 0}
  m_PrefabInstance: {fileID: 0}
  m_PrefabAsset: {fileID: 0}
  serializedVersion: 6
  m_Component:
  - component: {fileID: 3875383761146760497}
  m_Layer: 0
  m_Name: Tail03
  m_TagString: Untagged
  m_Icon: {fileID: 0}
  m_NavMeshLayer: 0
  m_StaticEditorFlags: 0
  m_IsActive: 1
--- !u!4 &3875383761146760497
Transform:
  m_ObjectHideFlags: 0
  m_CorrespondingSourceObject: {fileID: 0}
  m_PrefabInstance: {fileID: 0}
  m_PrefabAsset: {fileID: 0}
  m_GameObject: {fileID: 3875383761146760502}
  m_LocalRotation: {x: 0, y: 0, z: 0.19303113, w: 0.98119265}
  m_LocalPosition: {x: -0.20047836, y: 5.32907e-16, z: 2.0167153e-17}
  m_LocalScale: {x: 1, y: 1, z: 1}
  m_Children:
  - {fileID: 3875383762014189099}
  m_Father: {fileID: 3875383761599190166}
  m_RootOrder: 0
  m_LocalEulerAnglesHint: {x: 0, y: 0, z: 0}
--- !u!1 &3875383761160509775
GameObject:
  m_ObjectHideFlags: 0
  m_CorrespondingSourceObject: {fileID: 0}
  m_PrefabInstance: {fileID: 0}
  m_PrefabAsset: {fileID: 0}
  serializedVersion: 6
  m_Component:
  - component: {fileID: 3875383761160509774}
  - component: {fileID: 3875383761160509769}
  m_Layer: 0
  m_Name: Body
  m_TagString: Untagged
  m_Icon: {fileID: 0}
  m_NavMeshLayer: 0
  m_StaticEditorFlags: 0
  m_IsActive: 1
--- !u!4 &3875383761160509774
Transform:
  m_ObjectHideFlags: 0
  m_CorrespondingSourceObject: {fileID: 0}
  m_PrefabInstance: {fileID: 0}
  m_PrefabAsset: {fileID: 0}
  m_GameObject: {fileID: 3875383761160509775}
  m_LocalRotation: {x: -0.7071068, y: 0, z: -0, w: 0.7071068}
  m_LocalPosition: {x: -0, y: 0, z: 0}
  m_LocalScale: {x: 1, y: 1, z: 1}
  m_Children: []
  m_Father: {fileID: 3880277851576458809}
  m_RootOrder: 0
  m_LocalEulerAnglesHint: {x: 0, y: 0, z: 0}
--- !u!137 &3875383761160509769
SkinnedMeshRenderer:
  m_ObjectHideFlags: 0
  m_CorrespondingSourceObject: {fileID: 0}
  m_PrefabInstance: {fileID: 0}
  m_PrefabAsset: {fileID: 0}
  m_GameObject: {fileID: 3875383761160509775}
  m_Enabled: 1
  m_CastShadows: 1
  m_ReceiveShadows: 1
  m_DynamicOccludee: 1
  m_MotionVectors: 1
  m_LightProbeUsage: 1
  m_ReflectionProbeUsage: 1
  m_RenderingLayerMask: 1
  m_RendererPriority: 0
  m_Materials:
  - {fileID: 2100000, guid: da05e49adf02c134f88f541992ee78d2, type: 2}
  m_StaticBatchInfo:
    firstSubMesh: 0
    subMeshCount: 0
  m_StaticBatchRoot: {fileID: 0}
  m_ProbeAnchor: {fileID: 0}
  m_LightProbeVolumeOverride: {fileID: 0}
  m_ScaleInLightmap: 1
  m_PreserveUVs: 0
  m_IgnoreNormalsForChartDetection: 0
  m_ImportantGI: 0
  m_StitchLightmapSeams: 0
  m_SelectedEditorRenderState: 3
  m_MinimumChartSize: 4
  m_AutoUVMaxDistance: 0.5
  m_AutoUVMaxAngle: 89
  m_LightmapParameters: {fileID: 0}
  m_SortingLayerID: 0
  m_SortingLayer: 0
  m_SortingOrder: 0
  serializedVersion: 2
  m_Quality: 0
  m_UpdateWhenOffscreen: 0
  m_SkinnedMotionVectors: 1
  m_Mesh: {fileID: 4300000, guid: d9a1483b77bf10e4e851678ab6c2e54e, type: 3}
  m_Bones:
  - {fileID: 3875383761282906538}
  - {fileID: 3875383762652938610}
  - {fileID: 3875383762366420065}
  - {fileID: 3875383762689646191}
  - {fileID: 3875383762497205305}
  - {fileID: 3875383762348148969}
  - {fileID: 3875383763066078918}
  - {fileID: 3875383761948555558}
  - {fileID: 3875383761806358637}
  - {fileID: 3875383762230857027}
  - {fileID: 3875383762179236073}
  - {fileID: 3875383761907111535}
  - {fileID: 3875383761709958224}
  - {fileID: 3875383763076470221}
  - {fileID: 3875383762867097948}
  - {fileID: 3875383761163866540}
  - {fileID: 3875383761521084490}
  - {fileID: 3875383761659798904}
  - {fileID: 3875383762064636365}
  - {fileID: 3875383762815738824}
  - {fileID: 3875383762736367396}
  - {fileID: 3875383763063091812}
  - {fileID: 3875383762707683326}
  - {fileID: 3875383762782418853}
  - {fileID: 3875383763227507428}
  - {fileID: 3875383761925253352}
  - {fileID: 3875383761656143185}
  - {fileID: 3875383762056217887}
  - {fileID: 3875383761541996764}
  - {fileID: 3875383763046547671}
  - {fileID: 3875383762305619510}
  - {fileID: 3875383762656894200}
  - {fileID: 3875383762172675758}
  - {fileID: 3875383761124975287}
  - {fileID: 3875383761105940641}
  - {fileID: 3875383761274554143}
  - {fileID: 3875383761377015713}
  - {fileID: 3875383761091340763}
  - {fileID: 3875383761591844863}
  - {fileID: 3875383763107710400}
  - {fileID: 3875383762372511384}
  - {fileID: 3875383762796227322}
  - {fileID: 3875383761114090256}
  - {fileID: 3875383761984883966}
  - {fileID: 3875383761537785711}
  - {fileID: 3875383762941719888}
  - {fileID: 3875383761940935496}
  - {fileID: 3875383761665752679}
  - {fileID: 3875383762098572381}
  - {fileID: 3875383761099618648}
  - {fileID: 3875383763210484020}
  - {fileID: 3875383761700819337}
  - {fileID: 3875383761315696201}
  - {fileID: 3875383761456985104}
  - {fileID: 3875383762559851615}
  - {fileID: 3875383762666745248}
  - {fileID: 3875383762421932016}
  - {fileID: 3875383762925661508}
  - {fileID: 3875383761599190166}
  - {fileID: 3875383761146760497}
  - {fileID: 3875383762014189099}
  - {fileID: 3875383763050159655}
  - {fileID: 3875383762659013516}
  - {fileID: 3875383762209340557}
  - {fileID: 3875383762853349946}
  - {fileID: 3875383762101947756}
  - {fileID: 3875383761686575353}
  - {fileID: 3875383761370627460}
  m_BlendShapeWeights: []
  m_RootBone: {fileID: 3875383761282906538}
  m_AABB:
    m_Center: {x: 0.00000014901161, y: 0.026102379, z: 0.4292097}
    m_Extent: {x: 0.8761492, y: 0.34544224, z: 0.4899643}
  m_DirtyAABB: 0
--- !u!1 &3875383761163866541
GameObject:
  m_ObjectHideFlags: 0
  m_CorrespondingSourceObject: {fileID: 0}
  m_PrefabInstance: {fileID: 0}
  m_PrefabAsset: {fileID: 0}
  serializedVersion: 6
  m_Component:
  - component: {fileID: 3875383761163866540}
  m_Layer: 0
  m_Name: Rabit02_l
  m_TagString: Untagged
  m_Icon: {fileID: 0}
  m_NavMeshLayer: 0
  m_StaticEditorFlags: 0
  m_IsActive: 1
--- !u!4 &3875383761163866540
Transform:
  m_ObjectHideFlags: 0
  m_CorrespondingSourceObject: {fileID: 0}
  m_PrefabInstance: {fileID: 0}
  m_PrefabAsset: {fileID: 0}
  m_GameObject: {fileID: 3875383761163866541}
  m_LocalRotation: {x: 0, y: 0, z: -0.015549913, w: 0.9998791}
  m_LocalPosition: {x: -0.23753135, y: 8.5265126e-16, z: 1.4210854e-16}
  m_LocalScale: {x: 1, y: 1, z: 1}
  m_Children:
  - {fileID: 3875383761521084490}
  m_Father: {fileID: 3875383762867097948}
  m_RootOrder: 0
  m_LocalEulerAnglesHint: {x: 0, y: 0, z: 0}
--- !u!1 &3875383761274554140
GameObject:
  m_ObjectHideFlags: 0
  m_CorrespondingSourceObject: {fileID: 0}
  m_PrefabInstance: {fileID: 0}
  m_PrefabAsset: {fileID: 0}
  serializedVersion: 6
  m_Component:
  - component: {fileID: 3875383761274554143}
  m_Layer: 0
  m_Name: ring_01_l
  m_TagString: Untagged
  m_Icon: {fileID: 0}
  m_NavMeshLayer: 0
  m_StaticEditorFlags: 0
  m_IsActive: 1
--- !u!4 &3875383761274554143
Transform:
  m_ObjectHideFlags: 0
  m_CorrespondingSourceObject: {fileID: 0}
  m_PrefabInstance: {fileID: 0}
  m_PrefabAsset: {fileID: 0}
  m_GameObject: {fileID: 3875383761274554140}
  m_LocalRotation: {x: -0.0022036482, y: 0.004168381, z: -0.022912893, w: 0.99972636}
  m_LocalPosition: {x: -0.10911825, y: -0.032612264, z: 0.0107481545}
  m_LocalScale: {x: 1, y: 1, z: 1}
  m_Children:
  - {fileID: 3875383761377015713}
  m_Father: {fileID: 3875383761541996764}
  m_RootOrder: 1
  m_LocalEulerAnglesHint: {x: 0, y: 0, z: 0}
--- !u!1 &3875383761282906539
GameObject:
  m_ObjectHideFlags: 0
  m_CorrespondingSourceObject: {fileID: 0}
  m_PrefabInstance: {fileID: 0}
  m_PrefabAsset: {fileID: 0}
  serializedVersion: 6
  m_Component:
  - component: {fileID: 3875383761282906538}
  m_Layer: 0
  m_Name: root
  m_TagString: Untagged
  m_Icon: {fileID: 0}
  m_NavMeshLayer: 0
  m_StaticEditorFlags: 0
  m_IsActive: 1
--- !u!4 &3875383761282906538
Transform:
  m_ObjectHideFlags: 0
  m_CorrespondingSourceObject: {fileID: 0}
  m_PrefabInstance: {fileID: 0}
  m_PrefabAsset: {fileID: 0}
  m_GameObject: {fileID: 3875383761282906539}
  m_LocalRotation: {x: -0.7071068, y: 0, z: -0, w: 0.7071068}
  m_LocalPosition: {x: -0, y: 0, z: 0}
  m_LocalScale: {x: 1, y: 1, z: 1}
  m_Children:
  - {fileID: 3875383762652938610}
  m_Father: {fileID: 3880277851576458809}
  m_RootOrder: 2
  m_LocalEulerAnglesHint: {x: 0, y: 0, z: 0}
--- !u!1 &3875383761315696206
GameObject:
  m_ObjectHideFlags: 0
  m_CorrespondingSourceObject: {fileID: 0}
  m_PrefabInstance: {fileID: 0}
  m_PrefabAsset: {fileID: 0}
  serializedVersion: 6
  m_Component:
  - component: {fileID: 3875383761315696201}
  m_Layer: 0
  m_Name: ShoulderPad_r
  m_TagString: Untagged
  m_Icon: {fileID: 0}
  m_NavMeshLayer: 0
  m_StaticEditorFlags: 0
  m_IsActive: 1
--- !u!4 &3875383761315696201
Transform:
  m_ObjectHideFlags: 0
  m_CorrespondingSourceObject: {fileID: 0}
  m_PrefabInstance: {fileID: 0}
  m_PrefabAsset: {fileID: 0}
  m_GameObject: {fileID: 3875383761315696206}
  m_LocalRotation: {x: 0.000000010536235, y: 1.00257296e-10, z: 0.009515045, w: 0.99995476}
  m_LocalPosition: {x: 0.081999995, y: -0.002, z: -0.083}
  m_LocalScale: {x: 1, y: 1, z: 1}
  m_Children: []
  m_Father: {fileID: 3875383762372511384}
  m_RootOrder: 1
  m_LocalEulerAnglesHint: {x: 0, y: 0, z: 0}
--- !u!1 &3875383761370627461
GameObject:
  m_ObjectHideFlags: 0
  m_CorrespondingSourceObject: {fileID: 0}
  m_PrefabInstance: {fileID: 0}
  m_PrefabAsset: {fileID: 0}
  serializedVersion: 6
  m_Component:
  - component: {fileID: 3875383761370627460}
  m_Layer: 0
  m_Name: ball_r
  m_TagString: Untagged
  m_Icon: {fileID: 0}
  m_NavMeshLayer: 0
  m_StaticEditorFlags: 0
  m_IsActive: 1
--- !u!4 &3875383761370627460
Transform:
  m_ObjectHideFlags: 0
  m_CorrespondingSourceObject: {fileID: 0}
  m_PrefabInstance: {fileID: 0}
  m_PrefabAsset: {fileID: 0}
  m_GameObject: {fileID: 3875383761370627461}
  m_LocalRotation: {x: 0.0030611525, y: -0.008212709, z: 0.7100026, w: 0.70414454}
  m_LocalPosition: {x: -0.01755713, y: 0.12076904, z: 0.019775553}
  m_LocalScale: {x: 1, y: 1, z: 1}
  m_Children: []
  m_Father: {fileID: 3875383761686575353}
  m_RootOrder: 0
  m_LocalEulerAnglesHint: {x: 0, y: 0, z: 0}
--- !u!1 &3875383761377015718
GameObject:
  m_ObjectHideFlags: 0
  m_CorrespondingSourceObject: {fileID: 0}
  m_PrefabInstance: {fileID: 0}
  m_PrefabAsset: {fileID: 0}
  serializedVersion: 6
  m_Component:
  - component: {fileID: 3875383761377015713}
  m_Layer: 0
  m_Name: ring_02_l
  m_TagString: Untagged
  m_Icon: {fileID: 0}
  m_NavMeshLayer: 0
  m_StaticEditorFlags: 0
  m_IsActive: 1
--- !u!4 &3875383761377015713
Transform:
  m_ObjectHideFlags: 0
  m_CorrespondingSourceObject: {fileID: 0}
  m_PrefabInstance: {fileID: 0}
  m_PrefabAsset: {fileID: 0}
  m_GameObject: {fileID: 3875383761377015718}
  m_LocalRotation: {x: 0.017940473, y: 0.009724062, z: -0.01808565, w: 0.9996282}
  m_LocalPosition: {x: -0.057522308, y: -0.0022442401, z: -0.0006415059}
  m_LocalScale: {x: 1, y: 1, z: 1}
  m_Children:
  - {fileID: 3875383761091340763}
  m_Father: {fileID: 3875383761274554143}
  m_RootOrder: 0
  m_LocalEulerAnglesHint: {x: 0, y: 0, z: 0}
--- !u!1 &3875383761456985105
GameObject:
  m_ObjectHideFlags: 0
  m_CorrespondingSourceObject: {fileID: 0}
  m_PrefabInstance: {fileID: 0}
  m_PrefabAsset: {fileID: 0}
  serializedVersion: 6
  m_Component:
  - component: {fileID: 3875383761456985104}
  m_Layer: 0
  m_Name: thigh_l
  m_TagString: Untagged
  m_Icon: {fileID: 0}
  m_NavMeshLayer: 0
  m_StaticEditorFlags: 0
  m_IsActive: 1
--- !u!4 &3875383761456985104
Transform:
  m_ObjectHideFlags: 0
  m_CorrespondingSourceObject: {fileID: 0}
  m_PrefabInstance: {fileID: 0}
  m_PrefabAsset: {fileID: 0}
  m_GameObject: {fileID: 3875383761456985105}
  m_LocalRotation: {x: -0.018547952, y: 0.037179936, z: -0.008849067, w: 0.9990972}
  m_LocalPosition: {x: 0.022199383, y: 0.008744767, z: -0.10806942}
  m_LocalScale: {x: 1, y: 1, z: 1}
  m_Children:
  - {fileID: 3875383762559851615}
  m_Father: {fileID: 3875383762652938610}
  m_RootOrder: 3
  m_LocalEulerAnglesHint: {x: 0, y: 0, z: 0}
--- !u!1 &3875383761521084491
GameObject:
  m_ObjectHideFlags: 0
  m_CorrespondingSourceObject: {fileID: 0}
  m_PrefabInstance: {fileID: 0}
  m_PrefabAsset: {fileID: 0}
  serializedVersion: 6
  m_Component:
  - component: {fileID: 3875383761521084490}
  m_Layer: 0
  m_Name: Rabit03_l
  m_TagString: Untagged
  m_Icon: {fileID: 0}
  m_NavMeshLayer: 0
  m_StaticEditorFlags: 0
  m_IsActive: 1
--- !u!4 &3875383761521084490
Transform:
  m_ObjectHideFlags: 0
  m_CorrespondingSourceObject: {fileID: 0}
  m_PrefabInstance: {fileID: 0}
  m_PrefabAsset: {fileID: 0}
  m_GameObject: {fileID: 3875383761521084491}
  m_LocalRotation: {x: 0.343308, y: -0.61817443, z: 0.343308, w: 0.61817443}
  m_LocalPosition: {x: -0.24194758, y: -2.842171e-16, z: 0}
  m_LocalScale: {x: 1, y: 1, z: 1}
  m_Children: []
  m_Father: {fileID: 3875383761163866540}
  m_RootOrder: 0
  m_LocalEulerAnglesHint: {x: 0, y: 0, z: 0}
--- !u!1 &3875383761537785708
GameObject:
  m_ObjectHideFlags: 0
  m_CorrespondingSourceObject: {fileID: 0}
  m_PrefabInstance: {fileID: 0}
  m_PrefabAsset: {fileID: 0}
  serializedVersion: 6
  m_Component:
  - component: {fileID: 3875383761537785711}
  m_Layer: 0
  m_Name: thumb_02_r
  m_TagString: Untagged
  m_Icon: {fileID: 0}
  m_NavMeshLayer: 0
  m_StaticEditorFlags: 0
  m_IsActive: 1
--- !u!4 &3875383761537785711
Transform:
  m_ObjectHideFlags: 0
  m_CorrespondingSourceObject: {fileID: 0}
  m_PrefabInstance: {fileID: 0}
  m_PrefabAsset: {fileID: 0}
  m_GameObject: {fileID: 3875383761537785708}
  m_LocalRotation: {x: 0.059159033, y: 0.056243908, z: -0.09454527, w: 0.99216837}
  m_LocalPosition: {x: 0.04241207, y: 0.0000001664043, z: -0.0000001201821}
  m_LocalScale: {x: 1, y: 1, z: 1}
  m_Children:
  - {fileID: 3875383762941719888}
  m_Father: {fileID: 3875383761984883966}
  m_RootOrder: 0
  m_LocalEulerAnglesHint: {x: 0, y: 0, z: 0}
--- !u!1 &3875383761541996765
GameObject:
  m_ObjectHideFlags: 0
  m_CorrespondingSourceObject: {fileID: 0}
  m_PrefabInstance: {fileID: 0}
  m_PrefabAsset: {fileID: 0}
  serializedVersion: 6
  m_Component:
  - component: {fileID: 3875383761541996764}
  m_Layer: 0
  m_Name: hand_l
  m_TagString: Untagged
  m_Icon: {fileID: 0}
  m_NavMeshLayer: 0
  m_StaticEditorFlags: 0
  m_IsActive: 1
--- !u!4 &3875383761541996764
Transform:
  m_ObjectHideFlags: 0
  m_CorrespondingSourceObject: {fileID: 0}
  m_PrefabInstance: {fileID: 0}
  m_PrefabAsset: {fileID: 0}
  m_GameObject: {fileID: 3875383761541996765}
  m_LocalRotation: {x: -0.70178133, y: 0.0026466702, z: -0.0007692234, w: 0.71238714}
  m_LocalPosition: {x: -0.18514626, y: -0.00482675, z: -0.00011951752}
  m_LocalScale: {x: 1, y: 1, z: 1}
  m_Children:
  - {fileID: 3875383762172675758}
  - {fileID: 3875383761274554143}
  - {fileID: 3875383763046547671}
  - {fileID: 3875383763181195149}
  m_Father: {fileID: 3875383762056217887}
  m_RootOrder: 0
  m_LocalEulerAnglesHint: {x: 0, y: 0, z: 0}
--- !u!1 &3875383761591844860
GameObject:
  m_ObjectHideFlags: 0
  m_CorrespondingSourceObject: {fileID: 0}
  m_PrefabInstance: {fileID: 0}
  m_PrefabAsset: {fileID: 0}
  serializedVersion: 6
  m_Component:
  - component: {fileID: 3875383761591844863}
  m_Layer: 0
  m_Name: ShoulderPad_l
  m_TagString: Untagged
  m_Icon: {fileID: 0}
  m_NavMeshLayer: 0
  m_StaticEditorFlags: 0
  m_IsActive: 1
--- !u!4 &3875383761591844863
Transform:
  m_ObjectHideFlags: 0
  m_CorrespondingSourceObject: {fileID: 0}
  m_PrefabInstance: {fileID: 0}
  m_PrefabAsset: {fileID: 0}
  m_GameObject: {fileID: 3875383761591844860}
  m_LocalRotation: {x: 0, y: 0, z: 0.009515045, w: 0.99995476}
  m_LocalPosition: {x: -0.081999995, y: 0.002, z: 0.083}
  m_LocalScale: {x: 1, y: 1, z: 1}
  m_Children: []
  m_Father: {fileID: 3875383761656143185}
  m_RootOrder: 1
  m_LocalEulerAnglesHint: {x: 0, y: 0, z: 0}
--- !u!1 &3875383761599190167
GameObject:
  m_ObjectHideFlags: 0
  m_CorrespondingSourceObject: {fileID: 0}
  m_PrefabInstance: {fileID: 0}
  m_PrefabAsset: {fileID: 0}
  serializedVersion: 6
  m_Component:
  - component: {fileID: 3875383761599190166}
  m_Layer: 0
  m_Name: Tail04
  m_TagString: Untagged
  m_Icon: {fileID: 0}
  m_NavMeshLayer: 0
  m_StaticEditorFlags: 0
  m_IsActive: 1
--- !u!4 &3875383761599190166
Transform:
  m_ObjectHideFlags: 0
  m_CorrespondingSourceObject: {fileID: 0}
  m_PrefabInstance: {fileID: 0}
  m_PrefabAsset: {fileID: 0}
  m_GameObject: {fileID: 3875383761599190167}
  m_LocalRotation: {x: 0.973746, y: -0.22763745, z: -1.3938774e-17, w: 5.9624754e-17}
  m_LocalPosition: {x: -0.22412255, y: 5.684342e-16, z: -4.9765204e-17}
  m_LocalScale: {x: 1, y: 1, z: 1}
  m_Children:
  - {fileID: 3875383761146760497}
  m_Father: {fileID: 3875383762925661508}
  m_RootOrder: 0
  m_LocalEulerAnglesHint: {x: 0, y: 0, z: 0}
--- !u!1 &3875383761656143190
GameObject:
  m_ObjectHideFlags: 0
  m_CorrespondingSourceObject: {fileID: 0}
  m_PrefabInstance: {fileID: 0}
  m_PrefabAsset: {fileID: 0}
  serializedVersion: 6
  m_Component:
  - component: {fileID: 3875383761656143185}
  m_Layer: 0
  m_Name: upperarm_l
  m_TagString: Untagged
  m_Icon: {fileID: 0}
  m_NavMeshLayer: 0
  m_StaticEditorFlags: 0
  m_IsActive: 1
--- !u!4 &3875383761656143185
Transform:
  m_ObjectHideFlags: 0
  m_CorrespondingSourceObject: {fileID: 0}
  m_PrefabInstance: {fileID: 0}
  m_PrefabAsset: {fileID: 0}
  m_GameObject: {fileID: 3875383761656143190}
  m_LocalRotation: {x: -0.016182095, y: 0.08095038, z: 0.109649286, w: 0.99053633}
  m_LocalPosition: {x: -0.15521362, y: 1.0658141e-16, z: 4.2632563e-16}
  m_LocalScale: {x: 1, y: 1, z: 1}
  m_Children:
  - {fileID: 3875383762056217887}
  - {fileID: 3875383761591844863}
  m_Father: {fileID: 3875383761925253352}
  m_RootOrder: 0
  m_LocalEulerAnglesHint: {x: 0, y: 0, z: 0}
--- !u!1 &3875383761659798905
GameObject:
  m_ObjectHideFlags: 0
  m_CorrespondingSourceObject: {fileID: 0}
  m_PrefabInstance: {fileID: 0}
  m_PrefabAsset: {fileID: 0}
  serializedVersion: 6
  m_Component:
  - component: {fileID: 3875383761659798904}
  m_Layer: 0
  m_Name: Rat01_r
  m_TagString: Untagged
  m_Icon: {fileID: 0}
  m_NavMeshLayer: 0
  m_StaticEditorFlags: 0
  m_IsActive: 1
--- !u!4 &3875383761659798904
Transform:
  m_ObjectHideFlags: 0
  m_CorrespondingSourceObject: {fileID: 0}
  m_PrefabInstance: {fileID: 0}
  m_PrefabAsset: {fileID: 0}
  m_GameObject: {fileID: 3875383761659798905}
  m_LocalRotation: {x: 0.69966555, y: -0.37457776, z: 0.59974295, w: -0.102314144}
  m_LocalPosition: {x: -0.13691002, y: 0.0796464, z: 0.149027}
  m_LocalScale: {x: 1, y: 1, z: 1}
  m_Children:
  - {fileID: 3875383762064636365}
  m_Father: {fileID: 3875383763066078918}
  m_RootOrder: 6
  m_LocalEulerAnglesHint: {x: 0, y: 0, z: 0}
--- !u!1 &3875383761665752676
GameObject:
  m_ObjectHideFlags: 0
  m_CorrespondingSourceObject: {fileID: 0}
  m_PrefabInstance: {fileID: 0}
  m_PrefabAsset: {fileID: 0}
  serializedVersion: 6
  m_Component:
  - component: {fileID: 3875383761665752679}
  m_Layer: 0
  m_Name: index_02_r
  m_TagString: Untagged
  m_Icon: {fileID: 0}
  m_NavMeshLayer: 0
  m_StaticEditorFlags: 0
  m_IsActive: 1
--- !u!4 &3875383761665752679
Transform:
  m_ObjectHideFlags: 0
  m_CorrespondingSourceObject: {fileID: 0}
  m_PrefabInstance: {fileID: 0}
  m_PrefabAsset: {fileID: 0}
  m_GameObject: {fileID: 3875383761665752676}
  m_LocalRotation: {x: 0.0069556003, y: 0.003193588, z: -0.052581947, w: 0.9985873}
  m_LocalPosition: {x: 0.060072105, y: -0.0046781716, z: -0.0034517753}
  m_LocalScale: {x: 1, y: 1, z: 1}
  m_Children:
  - {fileID: 3875383762098572381}
  m_Father: {fileID: 3875383761940935496}
  m_RootOrder: 0
  m_LocalEulerAnglesHint: {x: 0, y: 0, z: 0}
--- !u!1 &3875383761686575358
GameObject:
  m_ObjectHideFlags: 0
  m_CorrespondingSourceObject: {fileID: 0}
  m_PrefabInstance: {fileID: 0}
  m_PrefabAsset: {fileID: 0}
  serializedVersion: 6
  m_Component:
  - component: {fileID: 3875383761686575353}
  m_Layer: 0
  m_Name: foot_r
  m_TagString: Untagged
  m_Icon: {fileID: 0}
  m_NavMeshLayer: 0
  m_StaticEditorFlags: 0
  m_IsActive: 1
--- !u!4 &3875383761686575353
Transform:
  m_ObjectHideFlags: 0
  m_CorrespondingSourceObject: {fileID: 0}
  m_PrefabInstance: {fileID: 0}
  m_PrefabAsset: {fileID: 0}
  m_GameObject: {fileID: 3875383761686575358}
  m_LocalRotation: {x: 0.035594884, y: -0.032811232, z: -0.09361494, w: 0.99443084}
  m_LocalPosition: {x: -0.10713582, y: 0.0052269846, z: -0.0012694859}
  m_LocalScale: {x: 1, y: 1, z: 1}
  m_Children:
  - {fileID: 3875383761370627460}
  m_Father: {fileID: 3875383762101947756}
  m_RootOrder: 0
  m_LocalEulerAnglesHint: {x: 0, y: 0, z: 0}
--- !u!1 &3875383761700819342
GameObject:
  m_ObjectHideFlags: 0
  m_CorrespondingSourceObject: {fileID: 0}
  m_PrefabInstance: {fileID: 0}
  m_PrefabAsset: {fileID: 0}
  serializedVersion: 6
  m_Component:
  - component: {fileID: 3875383761700819337}
  m_Layer: 0
  m_Name: ring_03_r
  m_TagString: Untagged
  m_Icon: {fileID: 0}
  m_NavMeshLayer: 0
  m_StaticEditorFlags: 0
  m_IsActive: 1
--- !u!4 &3875383761700819337
Transform:
  m_ObjectHideFlags: 0
  m_CorrespondingSourceObject: {fileID: 0}
  m_PrefabInstance: {fileID: 0}
  m_PrefabAsset: {fileID: 0}
  m_GameObject: {fileID: 3875383761700819342}
  m_LocalRotation: {x: -0.0020952122, y: -0.009489396, z: 0.0024848802, w: 0.9999497}
  m_LocalPosition: {x: 0.043161742, y: 0.0024542476, z: 0.0026255096}
  m_LocalScale: {x: 1, y: 1, z: 1}
  m_Children: []
  m_Father: {fileID: 3875383763210484020}
  m_RootOrder: 0
  m_LocalEulerAnglesHint: {x: 0, y: 0, z: 0}
--- !u!1 &3875383761709958225
GameObject:
  m_ObjectHideFlags: 0
  m_CorrespondingSourceObject: {fileID: 0}
  m_PrefabInstance: {fileID: 0}
  m_PrefabAsset: {fileID: 0}
  serializedVersion: 6
  m_Component:
  - component: {fileID: 3875383761709958224}
  m_Layer: 0
  m_Name: Dog02_l
  m_TagString: Untagged
  m_Icon: {fileID: 0}
  m_NavMeshLayer: 0
  m_StaticEditorFlags: 0
  m_IsActive: 1
--- !u!4 &3875383761709958224
Transform:
  m_ObjectHideFlags: 0
  m_CorrespondingSourceObject: {fileID: 0}
  m_PrefabInstance: {fileID: 0}
  m_PrefabAsset: {fileID: 0}
  m_GameObject: {fileID: 3875383761709958225}
  m_LocalRotation: {x: 0.082184434, y: 0.70231456, z: 0.082184434, w: 0.70231456}
  m_LocalPosition: {x: -0, y: 1.0658141e-16, z: 0.09881902}
  m_LocalScale: {x: 1, y: 1, z: 1}
  m_Children:
  - {fileID: 3875383763076470221}
  m_Father: {fileID: 3875383761907111535}
  m_RootOrder: 0
  m_LocalEulerAnglesHint: {x: 0, y: 0, z: 0}
--- !u!1 &3875383761806358626
GameObject:
  m_ObjectHideFlags: 0
  m_CorrespondingSourceObject: {fileID: 0}
  m_PrefabInstance: {fileID: 0}
  m_PrefabAsset: {fileID: 0}
  serializedVersion: 6
  m_Component:
  - component: {fileID: 3875383761806358637}
  m_Layer: 0
  m_Name: Nose02
  m_TagString: Untagged
  m_Icon: {fileID: 0}
  m_NavMeshLayer: 0
  m_StaticEditorFlags: 0
  m_IsActive: 1
--- !u!4 &3875383761806358637
Transform:
  m_ObjectHideFlags: 0
  m_CorrespondingSourceObject: {fileID: 0}
  m_PrefabInstance: {fileID: 0}
  m_PrefabAsset: {fileID: 0}
  m_GameObject: {fileID: 3875383761806358626}
  m_LocalRotation: {x: -0.23048592, y: -0.6684881, z: -0.23048592, w: 0.6684881}
  m_LocalPosition: {x: -0.056590676, y: -1.4210854e-16, z: -1.8932661e-31}
  m_LocalScale: {x: 1, y: 1, z: 1}
  m_Children: []
  m_Father: {fileID: 3875383761948555558}
  m_RootOrder: 0
  m_LocalEulerAnglesHint: {x: 0, y: 0, z: 0}
--- !u!1 &3875383761907111532
GameObject:
  m_ObjectHideFlags: 0
  m_CorrespondingSourceObject: {fileID: 0}
  m_PrefabInstance: {fileID: 0}
  m_PrefabAsset: {fileID: 0}
  serializedVersion: 6
  m_Component:
  - component: {fileID: 3875383761907111535}
  m_Layer: 0
  m_Name: Dog01_l
  m_TagString: Untagged
  m_Icon: {fileID: 0}
  m_NavMeshLayer: 0
  m_StaticEditorFlags: 0
  m_IsActive: 1
--- !u!4 &3875383761907111535
Transform:
  m_ObjectHideFlags: 0
  m_CorrespondingSourceObject: {fileID: 0}
  m_PrefabInstance: {fileID: 0}
  m_PrefabAsset: {fileID: 0}
  m_GameObject: {fileID: 3875383761907111532}
  m_LocalRotation: {x: 0.01143154, y: -0.7555581, z: 0.009908698, w: 0.654907}
  m_LocalPosition: {x: -0.18350182, y: 0.08138738, z: -0.103089064}
  m_LocalScale: {x: 1, y: 1, z: 1}
  m_Children:
  - {fileID: 3875383761709958224}
  m_Father: {fileID: 3875383763066078918}
  m_RootOrder: 0
  m_LocalEulerAnglesHint: {x: 0, y: 0, z: 0}
--- !u!1 &3875383761925253353
GameObject:
  m_ObjectHideFlags: 0
  m_CorrespondingSourceObject: {fileID: 0}
  m_PrefabInstance: {fileID: 0}
  m_PrefabAsset: {fileID: 0}
  serializedVersion: 6
  m_Component:
  - component: {fileID: 3875383761925253352}
  m_Layer: 0
  m_Name: clavicle_l
  m_TagString: Untagged
  m_Icon: {fileID: 0}
  m_NavMeshLayer: 0
  m_StaticEditorFlags: 0
  m_IsActive: 1
--- !u!4 &3875383761925253352
Transform:
  m_ObjectHideFlags: 0
  m_CorrespondingSourceObject: {fileID: 0}
  m_PrefabInstance: {fileID: 0}
  m_PrefabAsset: {fileID: 0}
  m_GameObject: {fileID: 3875383761925253353}
  m_LocalRotation: {x: 0.15998697, y: -0.7459689, z: -0.01766271, w: 0.64623725}
  m_LocalPosition: {x: -0.08977397, y: -0.0388776, z: -0.10642209}
  m_LocalScale: {x: 1, y: 1, z: 1}
  m_Children:
  - {fileID: 3875383761656143185}
  m_Father: {fileID: 3875383762497205305}
  m_RootOrder: 0
  m_LocalEulerAnglesHint: {x: 0, y: 0, z: 0}
--- !u!1 &3875383761940935497
GameObject:
  m_ObjectHideFlags: 0
  m_CorrespondingSourceObject: {fileID: 0}
  m_PrefabInstance: {fileID: 0}
  m_PrefabAsset: {fileID: 0}
  serializedVersion: 6
  m_Component:
  - component: {fileID: 3875383761940935496}
  m_Layer: 0
  m_Name: index_01_r
  m_TagString: Untagged
  m_Icon: {fileID: 0}
  m_NavMeshLayer: 0
  m_StaticEditorFlags: 0
  m_IsActive: 1
--- !u!4 &3875383761940935496
Transform:
  m_ObjectHideFlags: 0
  m_CorrespondingSourceObject: {fileID: 0}
  m_PrefabInstance: {fileID: 0}
  m_PrefabAsset: {fileID: 0}
  m_GameObject: {fileID: 3875383761940935497}
  m_LocalRotation: {x: 0.08184936, y: 0.0059013455, z: 0.010983809, w: 0.9965667}
  m_LocalPosition: {x: 0.106967345, y: 0.031950988, z: 0.045243192}
  m_LocalScale: {x: 1, y: 1, z: 1}
  m_Children:
  - {fileID: 3875383761665752679}
  m_Father: {fileID: 3875383761114090256}
  m_RootOrder: 0
  m_LocalEulerAnglesHint: {x: 0, y: 0, z: 0}
--- !u!1 &3875383761948555559
GameObject:
  m_ObjectHideFlags: 0
  m_CorrespondingSourceObject: {fileID: 0}
  m_PrefabInstance: {fileID: 0}
  m_PrefabAsset: {fileID: 0}
  serializedVersion: 6
  m_Component:
  - component: {fileID: 3875383761948555558}
  m_Layer: 0
  m_Name: Nose01
  m_TagString: Untagged
  m_Icon: {fileID: 0}
  m_NavMeshLayer: 0
  m_StaticEditorFlags: 0
  m_IsActive: 1
--- !u!4 &3875383761948555558
Transform:
  m_ObjectHideFlags: 0
  m_CorrespondingSourceObject: {fileID: 0}
  m_PrefabInstance: {fileID: 0}
  m_PrefabAsset: {fileID: 0}
  m_GameObject: {fileID: 3875383761948555559}
  m_LocalRotation: {x: 0, y: 0, z: 0.5383473, w: 0.8427231}
  m_LocalPosition: {x: -0.060137894, y: -0.30975625, z: 6.5145675e-17}
  m_LocalScale: {x: 1, y: 1, z: 1}
  m_Children:
  - {fileID: 3875383761806358637}
  m_Father: {fileID: 3875383763066078918}
  m_RootOrder: 2
  m_LocalEulerAnglesHint: {x: 0, y: 0, z: 0}
--- !u!1 &3875383761984883967
GameObject:
  m_ObjectHideFlags: 0
  m_CorrespondingSourceObject: {fileID: 0}
  m_PrefabInstance: {fileID: 0}
  m_PrefabAsset: {fileID: 0}
  serializedVersion: 6
  m_Component:
  - component: {fileID: 3875383761984883966}
  m_Layer: 0
  m_Name: thumb_01_r
  m_TagString: Untagged
  m_Icon: {fileID: 0}
  m_NavMeshLayer: 0
  m_StaticEditorFlags: 0
  m_IsActive: 1
--- !u!4 &3875383761984883966
Transform:
  m_ObjectHideFlags: 0
  m_CorrespondingSourceObject: {fileID: 0}
  m_PrefabInstance: {fileID: 0}
  m_PrefabAsset: {fileID: 0}
  m_GameObject: {fileID: 3875383761984883967}
  m_LocalRotation: {x: 0.5163034, y: -0.48260537, z: 0.112008244, w: 0.6985535}
  m_LocalPosition: {x: 0.047104906, y: -0.023203561, z: 0.056340273}
  m_LocalScale: {x: 1, y: 1, z: 1}
  m_Children:
  - {fileID: 3875383761537785711}
  m_Father: {fileID: 3875383761114090256}
  m_RootOrder: 2
  m_LocalEulerAnglesHint: {x: 0, y: 0, z: 0}
--- !u!1 &3875383762014189096
GameObject:
  m_ObjectHideFlags: 0
  m_CorrespondingSourceObject: {fileID: 0}
  m_PrefabInstance: {fileID: 0}
  m_PrefabAsset: {fileID: 0}
  serializedVersion: 6
  m_Component:
  - component: {fileID: 3875383762014189099}
  m_Layer: 0
  m_Name: Tail02
  m_TagString: Untagged
  m_Icon: {fileID: 0}
  m_NavMeshLayer: 0
  m_StaticEditorFlags: 0
  m_IsActive: 1
--- !u!4 &3875383762014189099
Transform:
  m_ObjectHideFlags: 0
  m_CorrespondingSourceObject: {fileID: 0}
  m_PrefabInstance: {fileID: 0}
  m_PrefabAsset: {fileID: 0}
  m_GameObject: {fileID: 3875383762014189096}
  m_LocalRotation: {x: 0, y: 0, z: -0.20674652, w: 0.97839457}
  m_LocalPosition: {x: -0.15309824, y: -3.1974422e-16, z: -1.01003724e-17}
  m_LocalScale: {x: 1, y: 1, z: 1}
  m_Children:
  - {fileID: 3875383763050159655}
  m_Father: {fileID: 3875383761146760497}
  m_RootOrder: 0
  m_LocalEulerAnglesHint: {x: 0, y: 0, z: 0}
--- !u!1 &3875383762056217884
GameObject:
  m_ObjectHideFlags: 0
  m_CorrespondingSourceObject: {fileID: 0}
  m_PrefabInstance: {fileID: 0}
  m_PrefabAsset: {fileID: 0}
  serializedVersion: 6
  m_Component:
  - component: {fileID: 3875383762056217887}
  m_Layer: 0
  m_Name: lowerarm_l
  m_TagString: Untagged
  m_Icon: {fileID: 0}
  m_NavMeshLayer: 0
  m_StaticEditorFlags: 0
  m_IsActive: 1
--- !u!4 &3875383762056217887
Transform:
  m_ObjectHideFlags: 0
  m_CorrespondingSourceObject: {fileID: 0}
  m_PrefabInstance: {fileID: 0}
  m_PrefabAsset: {fileID: 0}
  m_GameObject: {fileID: 3875383762056217884}
  m_LocalRotation: {x: 0, y: 0, z: 0.010152468, w: 0.9999485}
  m_LocalPosition: {x: -0.21140571, y: 0.0020677857, z: 4.2632563e-16}
  m_LocalScale: {x: 1, y: 1, z: 1}
  m_Children:
  - {fileID: 3875383761541996764}
  m_Father: {fileID: 3875383761656143185}
  m_RootOrder: 0
  m_LocalEulerAnglesHint: {x: 0, y: 0, z: 0}
--- !u!1 &3875383762064636354
GameObject:
  m_ObjectHideFlags: 0
  m_CorrespondingSourceObject: {fileID: 0}
  m_PrefabInstance: {fileID: 0}
  m_PrefabAsset: {fileID: 0}
  serializedVersion: 6
  m_Component:
  - component: {fileID: 3875383762064636365}
  m_Layer: 0
  m_Name: Rat02_r
  m_TagString: Untagged
  m_Icon: {fileID: 0}
  m_NavMeshLayer: 0
  m_StaticEditorFlags: 0
  m_IsActive: 1
--- !u!4 &3875383762064636365
Transform:
  m_ObjectHideFlags: 0
  m_CorrespondingSourceObject: {fileID: 0}
  m_PrefabInstance: {fileID: 0}
  m_PrefabAsset: {fileID: 0}
  m_GameObject: {fileID: 3875383762064636354}
  m_LocalRotation: {x: 0, y: -0, z: -0, w: 1}
  m_LocalPosition: {x: -0.009744925, y: -0.11169093, z: -0.12636535}
  m_LocalScale: {x: 1, y: 1, z: 1}
  m_Children: []
  m_Father: {fileID: 3875383761659798904}
  m_RootOrder: 0
  m_LocalEulerAnglesHint: {x: 0, y: 0, z: 0}
--- !u!1 &3875383762098572370
GameObject:
  m_ObjectHideFlags: 0
  m_CorrespondingSourceObject: {fileID: 0}
  m_PrefabInstance: {fileID: 0}
  m_PrefabAsset: {fileID: 0}
  serializedVersion: 6
  m_Component:
  - component: {fileID: 3875383762098572381}
  m_Layer: 0
  m_Name: index_03_r
  m_TagString: Untagged
  m_Icon: {fileID: 0}
  m_NavMeshLayer: 0
  m_StaticEditorFlags: 0
  m_IsActive: 1
--- !u!4 &3875383762098572381
Transform:
  m_ObjectHideFlags: 0
  m_CorrespondingSourceObject: {fileID: 0}
  m_PrefabInstance: {fileID: 0}
  m_PrefabAsset: {fileID: 0}
  m_GameObject: {fileID: 3875383762098572370}
  m_LocalRotation: {x: 0.014050877, y: -0.016224818, z: 0.014749223, w: 0.99966085}
  m_LocalPosition: {x: 0.039459746, y: 0.0006082239, z: -0.0011372312}
  m_LocalScale: {x: 1, y: 1, z: 1}
  m_Children: []
  m_Father: {fileID: 3875383761665752679}
  m_RootOrder: 0
  m_LocalEulerAnglesHint: {x: 0, y: 0, z: 0}
--- !u!1 &3875383762101947757
GameObject:
  m_ObjectHideFlags: 0
  m_CorrespondingSourceObject: {fileID: 0}
  m_PrefabInstance: {fileID: 0}
  m_PrefabAsset: {fileID: 0}
  serializedVersion: 6
  m_Component:
  - component: {fileID: 3875383762101947756}
  m_Layer: 0
  m_Name: calf_r
  m_TagString: Untagged
  m_Icon: {fileID: 0}
  m_NavMeshLayer: 0
  m_StaticEditorFlags: 0
  m_IsActive: 1
--- !u!4 &3875383762101947756
Transform:
  m_ObjectHideFlags: 0
  m_CorrespondingSourceObject: {fileID: 0}
  m_PrefabInstance: {fileID: 0}
  m_PrefabAsset: {fileID: 0}
  m_GameObject: {fileID: 3875383762101947757}
  m_LocalRotation: {x: -0.024624275, y: -0.0030814162, z: 0.0982936, w: 0.994848}
  m_LocalPosition: {x: -0.10403116, y: 0.0036480732, z: -0.00085796614}
  m_LocalScale: {x: 1, y: 1, z: 1}
  m_Children:
  - {fileID: 3875383761686575353}
  m_Father: {fileID: 3875383762853349946}
  m_RootOrder: 0
  m_LocalEulerAnglesHint: {x: 0, y: 0, z: 0}
--- !u!1 &3875383762172675759
GameObject:
  m_ObjectHideFlags: 0
  m_CorrespondingSourceObject: {fileID: 0}
  m_PrefabInstance: {fileID: 0}
  m_PrefabAsset: {fileID: 0}
  serializedVersion: 6
  m_Component:
  - component: {fileID: 3875383762172675758}
  m_Layer: 0
  m_Name: index_01_l
  m_TagString: Untagged
  m_Icon: {fileID: 0}
  m_NavMeshLayer: 0
  m_StaticEditorFlags: 0
  m_IsActive: 1
--- !u!4 &3875383762172675758
Transform:
  m_ObjectHideFlags: 0
  m_CorrespondingSourceObject: {fileID: 0}
  m_PrefabInstance: {fileID: 0}
  m_PrefabAsset: {fileID: 0}
  m_GameObject: {fileID: 3875383762172675759}
  m_LocalRotation: {x: 0.08184936, y: 0.0059013455, z: 0.010983809, w: 0.9965667}
  m_LocalPosition: {x: -0.106966905, y: -0.031950507, z: -0.04524321}
  m_LocalScale: {x: 1, y: 1, z: 1}
  m_Children:
  - {fileID: 3875383761124975287}
  m_Father: {fileID: 3875383761541996764}
  m_RootOrder: 0
  m_LocalEulerAnglesHint: {x: 0, y: 0, z: 0}
--- !u!1 &3875383762179236078
GameObject:
  m_ObjectHideFlags: 0
  m_CorrespondingSourceObject: {fileID: 0}
  m_PrefabInstance: {fileID: 0}
  m_PrefabAsset: {fileID: 0}
  serializedVersion: 6
  m_Component:
  - component: {fileID: 3875383762179236073}
  m_Layer: 0
  m_Name: Rat02_l
  m_TagString: Untagged
  m_Icon: {fileID: 0}
  m_NavMeshLayer: 0
  m_StaticEditorFlags: 0
  m_IsActive: 1
--- !u!4 &3875383762179236073
Transform:
  m_ObjectHideFlags: 0
  m_CorrespondingSourceObject: {fileID: 0}
  m_PrefabInstance: {fileID: 0}
  m_PrefabAsset: {fileID: 0}
  m_GameObject: {fileID: 3875383762179236078}
  m_LocalRotation: {x: 0, y: -0, z: -0, w: 1}
  m_LocalPosition: {x: 0.009744652, y: 0.111690655, z: 0.12636532}
  m_LocalScale: {x: 1, y: 1, z: 1}
  m_Children: []
  m_Father: {fileID: 3875383762230857027}
  m_RootOrder: 0
  m_LocalEulerAnglesHint: {x: 0, y: 0, z: 0}
--- !u!1 &3875383762209340546
GameObject:
  m_ObjectHideFlags: 0
  m_CorrespondingSourceObject: {fileID: 0}
  m_PrefabInstance: {fileID: 0}
  m_PrefabAsset: {fileID: 0}
  serializedVersion: 6
  m_Component:
  - component: {fileID: 3875383762209340557}
  m_Layer: 0
  m_Name: Weapon
  m_TagString: Untagged
  m_Icon: {fileID: 0}
  m_NavMeshLayer: 0
  m_StaticEditorFlags: 0
  m_IsActive: 1
--- !u!4 &3875383762209340557
Transform:
  m_ObjectHideFlags: 0
  m_CorrespondingSourceObject: {fileID: 0}
  m_PrefabInstance: {fileID: 0}
  m_PrefabAsset: {fileID: 0}
  m_GameObject: {fileID: 3875383762209340546}
  m_LocalRotation: {x: 0.70710415, y: -0.0019436182, z: 0.70710415, w: 0.0019436182}
  m_LocalPosition: {x: -0.41078886, y: 0.022665657, z: 0.756554}
  m_LocalScale: {x: 1, y: 1, z: 1}
  m_Children: []
  m_Father: {fileID: 3875383762652938610}
  m_RootOrder: 5
  m_LocalEulerAnglesHint: {x: 0, y: 0, z: 0}
--- !u!1 &3875383762230857024
GameObject:
  m_ObjectHideFlags: 0
  m_CorrespondingSourceObject: {fileID: 0}
  m_PrefabInstance: {fileID: 0}
  m_PrefabAsset: {fileID: 0}
  serializedVersion: 6
  m_Component:
  - component: {fileID: 3875383762230857027}
  m_Layer: 0
  m_Name: Rat01_l
  m_TagString: Untagged
  m_Icon: {fileID: 0}
  m_NavMeshLayer: 0
  m_StaticEditorFlags: 0
  m_IsActive: 1
--- !u!4 &3875383762230857027
Transform:
  m_ObjectHideFlags: 0
  m_CorrespondingSourceObject: {fileID: 0}
  m_PrefabInstance: {fileID: 0}
  m_PrefabAsset: {fileID: 0}
  m_GameObject: {fileID: 3875383762230857024}
  m_LocalRotation: {x: -0.37457773, y: -0.6996655, z: 0.10231422, w: 0.5997429}
  m_LocalPosition: {x: -0.13691087, y: 0.07964638, z: -0.14902727}
  m_LocalScale: {x: 1, y: 1, z: 1}
  m_Children:
  - {fileID: 3875383762179236073}
  m_Father: {fileID: 3875383763066078918}
  m_RootOrder: 5
  m_LocalEulerAnglesHint: {x: 0, y: 0, z: 0}
--- !u!1 &3875383762305619511
GameObject:
  m_ObjectHideFlags: 0
  m_CorrespondingSourceObject: {fileID: 0}
  m_PrefabInstance: {fileID: 0}
  m_PrefabAsset: {fileID: 0}
  serializedVersion: 6
  m_Component:
  - component: {fileID: 3875383762305619510}
  m_Layer: 0
  m_Name: thumb_02_l
  m_TagString: Untagged
  m_Icon: {fileID: 0}
  m_NavMeshLayer: 0
  m_StaticEditorFlags: 0
  m_IsActive: 1
--- !u!4 &3875383762305619510
Transform:
  m_ObjectHideFlags: 0
  m_CorrespondingSourceObject: {fileID: 0}
  m_PrefabInstance: {fileID: 0}
  m_PrefabAsset: {fileID: 0}
  m_GameObject: {fileID: 3875383762305619511}
  m_LocalRotation: {x: 0.059159033, y: 0.056243908, z: -0.09454527, w: 0.99216837}
  m_LocalPosition: {x: -0.04241225, y: -1.2434498e-16, z: -1.4210854e-16}
  m_LocalScale: {x: 1, y: 1, z: 1}
  m_Children:
  - {fileID: 3875383762656894200}
  m_Father: {fileID: 3875383763046547671}
  m_RootOrder: 0
  m_LocalEulerAnglesHint: {x: 0, y: 0, z: 0}
--- !u!1 &3875383762348148974
GameObject:
  m_ObjectHideFlags: 0
  m_CorrespondingSourceObject: {fileID: 0}
  m_PrefabInstance: {fileID: 0}
  m_PrefabAsset: {fileID: 0}
  serializedVersion: 6
  m_Component:
  - component: {fileID: 3875383762348148969}
  m_Layer: 0
  m_Name: neck_01
  m_TagString: Untagged
  m_Icon: {fileID: 0}
  m_NavMeshLayer: 0
  m_StaticEditorFlags: 0
  m_IsActive: 1
--- !u!4 &3875383762348148969
Transform:
  m_ObjectHideFlags: 0
  m_CorrespondingSourceObject: {fileID: 0}
  m_PrefabInstance: {fileID: 0}
  m_PrefabAsset: {fileID: 0}
  m_GameObject: {fileID: 3875383762348148974}
  m_LocalRotation: {x: -4.4965862e-17, y: -4.0178776e-18, z: 0.13197342, w: 0.99125326}
  m_LocalPosition: {x: -0.15768303, y: -0.023169318, z: 4.8567466e-17}
  m_LocalScale: {x: 1, y: 1, z: 1}
  m_Children:
  - {fileID: 3875383763066078918}
  m_Father: {fileID: 3875383762497205305}
  m_RootOrder: 2
  m_LocalEulerAnglesHint: {x: 0, y: 0, z: 0}
--- !u!1 &3875383762366420070
GameObject:
  m_ObjectHideFlags: 0
  m_CorrespondingSourceObject: {fileID: 0}
  m_PrefabInstance: {fileID: 0}
  m_PrefabAsset: {fileID: 0}
  serializedVersion: 6
  m_Component:
  - component: {fileID: 3875383762366420065}
  m_Layer: 0
  m_Name: spine_01
  m_TagString: Untagged
  m_Icon: {fileID: 0}
  m_NavMeshLayer: 0
  m_StaticEditorFlags: 0
  m_IsActive: 1
--- !u!4 &3875383762366420065
Transform:
  m_ObjectHideFlags: 0
  m_CorrespondingSourceObject: {fileID: 0}
  m_PrefabInstance: {fileID: 0}
  m_PrefabAsset: {fileID: 0}
  m_GameObject: {fileID: 3875383762366420070}
  m_LocalRotation: {x: -6.980227e-18, y: 4.2070543e-19, z: 0.06411279, w: 0.9979427}
  m_LocalPosition: {x: -0.11432394, y: -0.009892768, z: 1.7044286e-17}
  m_LocalScale: {x: 1, y: 1, z: 1}
  m_Children:
  - {fileID: 3875383762689646191}
  m_Father: {fileID: 3875383762652938610}
  m_RootOrder: 1
  m_LocalEulerAnglesHint: {x: 0, y: 0, z: 0}
--- !u!1 &3875383762372511385
GameObject:
  m_ObjectHideFlags: 0
  m_CorrespondingSourceObject: {fileID: 0}
  m_PrefabInstance: {fileID: 0}
  m_PrefabAsset: {fileID: 0}
  serializedVersion: 6
  m_Component:
  - component: {fileID: 3875383762372511384}
  m_Layer: 0
  m_Name: upperarm_r
  m_TagString: Untagged
  m_Icon: {fileID: 0}
  m_NavMeshLayer: 0
  m_StaticEditorFlags: 0
  m_IsActive: 1
--- !u!4 &3875383762372511384
Transform:
  m_ObjectHideFlags: 0
  m_CorrespondingSourceObject: {fileID: 0}
  m_PrefabInstance: {fileID: 0}
  m_PrefabAsset: {fileID: 0}
  m_GameObject: {fileID: 3875383762372511385}
  m_LocalRotation: {x: -0.016205123, y: 0.080947444, z: 0.10965116, w: 0.990536}
  m_LocalPosition: {x: 0.15521318, y: -0.00000010294632, z: -0.00000059972376}
  m_LocalScale: {x: 1, y: 1, z: 1}
  m_Children:
  - {fileID: 3875383762796227322}
  - {fileID: 3875383761315696201}
  m_Father: {fileID: 3875383763107710400}
  m_RootOrder: 0
  m_LocalEulerAnglesHint: {x: 0, y: 0, z: 0}
--- !u!1 &3875383762421932017
GameObject:
  m_ObjectHideFlags: 0
  m_CorrespondingSourceObject: {fileID: 0}
  m_PrefabInstance: {fileID: 0}
  m_PrefabAsset: {fileID: 0}
  serializedVersion: 6
  m_Component:
  - component: {fileID: 3875383762421932016}
  m_Layer: 0
  m_Name: ball_l
  m_TagString: Untagged
  m_Icon: {fileID: 0}
  m_NavMeshLayer: 0
  m_StaticEditorFlags: 0
  m_IsActive: 1
--- !u!4 &3875383762421932016
Transform:
  m_ObjectHideFlags: 0
  m_CorrespondingSourceObject: {fileID: 0}
  m_PrefabInstance: {fileID: 0}
  m_PrefabAsset: {fileID: 0}
  m_GameObject: {fileID: 3875383762421932017}
  m_LocalRotation: {x: 0.0030611525, y: -0.008212709, z: 0.7100026, w: 0.70414454}
  m_LocalPosition: {x: 0.017557085, y: -0.12076911, z: -0.01977553}
  m_LocalScale: {x: 1, y: 1, z: 1}
  m_Children: []
  m_Father: {fileID: 3875383762666745248}
  m_RootOrder: 0
  m_LocalEulerAnglesHint: {x: 0, y: 0, z: 0}
--- !u!1 &3875383762497205310
GameObject:
  m_ObjectHideFlags: 0
  m_CorrespondingSourceObject: {fileID: 0}
  m_PrefabInstance: {fileID: 0}
  m_PrefabAsset: {fileID: 0}
  serializedVersion: 6
  m_Component:
  - component: {fileID: 3875383762497205305}
  m_Layer: 0
  m_Name: spine_03
  m_TagString: Untagged
  m_Icon: {fileID: 0}
  m_NavMeshLayer: 0
  m_StaticEditorFlags: 0
  m_IsActive: 1
--- !u!4 &3875383762497205305
Transform:
  m_ObjectHideFlags: 0
  m_CorrespondingSourceObject: {fileID: 0}
  m_PrefabInstance: {fileID: 0}
  m_PrefabAsset: {fileID: 0}
  m_GameObject: {fileID: 3875383762497205310}
  m_LocalRotation: {x: 2.8063978e-17, y: -1.6605644e-16, z: -0.04006483, w: 0.99919707}
  m_LocalPosition: {x: -0.11615697, y: 0.002283617, z: 6.341153e-17}
  m_LocalScale: {x: 1, y: 1, z: 1}
  m_Children:
  - {fileID: 3875383761925253352}
  - {fileID: 3875383763107710400}
  - {fileID: 3875383762348148969}
  m_Father: {fileID: 3875383762689646191}
  m_RootOrder: 0
  m_LocalEulerAnglesHint: {x: 0, y: 0, z: 0}
--- !u!1 &3875383762503199509
GameObject:
  m_ObjectHideFlags: 0
  m_CorrespondingSourceObject: {fileID: 0}
  m_PrefabInstance: {fileID: 0}
  m_PrefabAsset: {fileID: 0}
  serializedVersion: 6
  m_Component:
  - component: {fileID: 3875383762503199508}
  - component: {fileID: 3875383762503199510}
  - component: {fileID: 3875383762503199511}
  m_Layer: 0
  m_Name: Rat
  m_TagString: Untagged
  m_Icon: {fileID: 0}
  m_NavMeshLayer: 0
  m_StaticEditorFlags: 0
  m_IsActive: 1
--- !u!4 &3875383762503199508
Transform:
  m_ObjectHideFlags: 0
  m_CorrespondingSourceObject: {fileID: 0}
  m_PrefabInstance: {fileID: 0}
  m_PrefabAsset: {fileID: 0}
  m_GameObject: {fileID: 3875383762503199509}
  m_LocalRotation: {x: -0.7071068, y: 0, z: -0, w: 0.7071068}
  m_LocalPosition: {x: 0.022, y: 1.506, z: -0.118}
  m_LocalScale: {x: 1, y: 1, z: 1}
  m_Children: []
  m_Father: {fileID: 3880277851576458809}
  m_RootOrder: 1
  m_LocalEulerAnglesHint: {x: 0, y: 0, z: 0}
--- !u!137 &3875383762503199510
SkinnedMeshRenderer:
  m_ObjectHideFlags: 0
  m_CorrespondingSourceObject: {fileID: 0}
  m_PrefabInstance: {fileID: 0}
  m_PrefabAsset: {fileID: 0}
  m_GameObject: {fileID: 3875383762503199509}
  m_Enabled: 1
  m_CastShadows: 1
  m_ReceiveShadows: 1
  m_DynamicOccludee: 1
  m_MotionVectors: 1
  m_LightProbeUsage: 1
  m_ReflectionProbeUsage: 1
  m_RenderingLayerMask: 1
  m_RendererPriority: 0
  m_Materials:
  - {fileID: 2100000, guid: da05e49adf02c134f88f541992ee78d2, type: 2}
  m_StaticBatchInfo:
    firstSubMesh: 0
    subMeshCount: 0
  m_StaticBatchRoot: {fileID: 0}
  m_ProbeAnchor: {fileID: 0}
  m_LightProbeVolumeOverride: {fileID: 0}
  m_ScaleInLightmap: 1
  m_PreserveUVs: 0
  m_IgnoreNormalsForChartDetection: 0
  m_ImportantGI: 0
  m_StitchLightmapSeams: 0
  m_SelectedEditorRenderState: 3
  m_MinimumChartSize: 4
  m_AutoUVMaxDistance: 0.5
  m_AutoUVMaxAngle: 89
  m_LightmapParameters: {fileID: 0}
  m_SortingLayerID: 0
  m_SortingLayer: 0
  m_SortingOrder: 0
  serializedVersion: 2
  m_Quality: 0
  m_UpdateWhenOffscreen: 0
  m_SkinnedMotionVectors: 1
  m_Mesh: {fileID: 4300002, guid: d9a1483b77bf10e4e851678ab6c2e54e, type: 3}
  m_Bones:
  - {fileID: 3875383761282906538}
  - {fileID: 3875383762652938610}
  - {fileID: 3875383762366420065}
  - {fileID: 3875383762689646191}
  - {fileID: 3875383762497205305}
  - {fileID: 3875383762348148969}
  - {fileID: 3875383763066078918}
  - {fileID: 3875383761948555558}
  - {fileID: 3875383761806358637}
  - {fileID: 3875383762230857027}
  - {fileID: 3875383762179236073}
  - {fileID: 3875383761907111535}
  - {fileID: 3875383761709958224}
  - {fileID: 3875383763076470221}
  - {fileID: 3875383762867097948}
  - {fileID: 3875383761163866540}
  - {fileID: 3875383761521084490}
  - {fileID: 3875383761659798904}
  - {fileID: 3875383762064636365}
  - {fileID: 3875383762815738824}
  - {fileID: 3875383762736367396}
  - {fileID: 3875383763063091812}
  - {fileID: 3875383762707683326}
  - {fileID: 3875383762782418853}
  - {fileID: 3875383763227507428}
  - {fileID: 3875383761925253352}
  - {fileID: 3875383761656143185}
  - {fileID: 3875383762056217887}
  - {fileID: 3875383761541996764}
  - {fileID: 3875383763046547671}
  - {fileID: 3875383762305619510}
  - {fileID: 3875383762656894200}
  - {fileID: 3875383762172675758}
  - {fileID: 3875383761124975287}
  - {fileID: 3875383761105940641}
  - {fileID: 3875383761274554143}
  - {fileID: 3875383761377015713}
  - {fileID: 3875383761091340763}
  - {fileID: 3875383761591844863}
  - {fileID: 3875383763107710400}
  - {fileID: 3875383762372511384}
  - {fileID: 3875383762796227322}
  - {fileID: 3875383761114090256}
  - {fileID: 3875383761984883966}
  - {fileID: 3875383761537785711}
  - {fileID: 3875383762941719888}
  - {fileID: 3875383761940935496}
  - {fileID: 3875383761665752679}
  - {fileID: 3875383762098572381}
  - {fileID: 3875383761099618648}
  - {fileID: 3875383763210484020}
  - {fileID: 3875383761700819337}
  - {fileID: 3875383761315696201}
  - {fileID: 3875383761456985104}
  - {fileID: 3875383762559851615}
  - {fileID: 3875383762666745248}
  - {fileID: 3875383762421932016}
  - {fileID: 3875383762925661508}
  - {fileID: 3875383761599190166}
  - {fileID: 3875383761146760497}
  - {fileID: 3875383762014189099}
  - {fileID: 3875383763050159655}
  - {fileID: 3875383762659013516}
  - {fileID: 3875383762209340557}
  - {fileID: 3875383762853349946}
  - {fileID: 3875383762101947756}
  - {fileID: 3875383761686575353}
  - {fileID: 3875383761370627460}
  m_BlendShapeWeights: []
  m_RootBone: {fileID: 3875383761282906538}
  m_AABB:
    m_Center: {x: 0.00000011920929, y: 0.30190188, z: 0.8055754}
    m_Extent: {x: 0.5016712, y: 0.7109763, z: 0.5906284}
  m_DirtyAABB: 0
--- !u!108 &3875383762503199511
Light:
  m_ObjectHideFlags: 0
  m_CorrespondingSourceObject: {fileID: 0}
  m_PrefabInstance: {fileID: 0}
  m_PrefabAsset: {fileID: 0}
  m_GameObject: {fileID: 3875383762503199509}
  m_Enabled: 1
  serializedVersion: 8
  m_Type: 2
  m_Color: {r: 1, g: 1, b: 1, a: 1}
  m_Intensity: 1
  m_Range: 2
  m_SpotAngle: 30
  m_CookieSize: 10
  m_Shadows:
    m_Type: 0
    m_Resolution: -1
    m_CustomResolution: -1
    m_Strength: 1
    m_Bias: 0.05
    m_NormalBias: 0.4
    m_NearPlane: 0.2
  m_Cookie: {fileID: 0}
  m_DrawHalo: 0
  m_Flare: {fileID: 0}
  m_RenderMode: 0
  m_CullingMask:
    serializedVersion: 2
    m_Bits: 4294967295
  m_Lightmapping: 4
  m_LightShadowCasterMode: 0
  m_AreaSize: {x: 1, y: 1}
  m_BounceIntensity: 1
  m_ColorTemperature: 6570
  m_UseColorTemperature: 0
  m_ShadowRadius: 0
  m_ShadowAngle: 0
--- !u!1 &3875383762559851612
GameObject:
  m_ObjectHideFlags: 0
  m_CorrespondingSourceObject: {fileID: 0}
  m_PrefabInstance: {fileID: 0}
  m_PrefabAsset: {fileID: 0}
  serializedVersion: 6
  m_Component:
  - component: {fileID: 3875383762559851615}
  m_Layer: 0
  m_Name: calf_l
  m_TagString: Untagged
  m_Icon: {fileID: 0}
  m_NavMeshLayer: 0
  m_StaticEditorFlags: 0
  m_IsActive: 1
--- !u!4 &3875383762559851615
Transform:
  m_ObjectHideFlags: 0
  m_CorrespondingSourceObject: {fileID: 0}
  m_PrefabInstance: {fileID: 0}
  m_PrefabAsset: {fileID: 0}
  m_GameObject: {fileID: 3875383762559851612}
  m_LocalRotation: {x: -0.024624275, y: -0.0030814162, z: 0.0982936, w: 0.994848}
  m_LocalPosition: {x: 0.10403038, y: -0.0036481472, z: 0.0008584225}
  m_LocalScale: {x: 1, y: 1, z: 1}
  m_Children:
  - {fileID: 3875383762666745248}
  m_Father: {fileID: 3875383761456985104}
  m_RootOrder: 0
  m_LocalEulerAnglesHint: {x: 0, y: 0, z: 0}
--- !u!1 &3875383762652938611
GameObject:
  m_ObjectHideFlags: 0
  m_CorrespondingSourceObject: {fileID: 0}
  m_PrefabInstance: {fileID: 0}
  m_PrefabAsset: {fileID: 0}
  serializedVersion: 6
  m_Component:
  - component: {fileID: 3875383762652938610}
  m_Layer: 0
  m_Name: pelvis
  m_TagString: Untagged
  m_Icon: {fileID: 0}
  m_NavMeshLayer: 0
  m_StaticEditorFlags: 0
  m_IsActive: 1
--- !u!4 &3875383762652938610
Transform:
  m_ObjectHideFlags: 0
  m_CorrespondingSourceObject: {fileID: 0}
  m_PrefabInstance: {fileID: 0}
  m_PrefabAsset: {fileID: 0}
  m_GameObject: {fileID: 3875383762652938611}
  m_LocalRotation: {x: 0.0019436182, y: 0.70710415, z: 0.0019436182, w: 0.70710415}
  m_LocalPosition: {x: 7.33889e-17, y: 0.023199638, z: 0.2717067}
  m_LocalScale: {x: 1, y: 1, z: 1}
  m_Children:
  - {fileID: 3875383762659013516}
  - {fileID: 3875383762366420065}
  - {fileID: 3875383762925661508}
  - {fileID: 3875383761456985104}
  - {fileID: 3875383762853349946}
  - {fileID: 3875383762209340557}
  m_Father: {fileID: 3875383761282906538}
  m_RootOrder: 0
  m_LocalEulerAnglesHint: {x: 0, y: 0, z: 0}
--- !u!1 &3875383762656894201
GameObject:
  m_ObjectHideFlags: 0
  m_CorrespondingSourceObject: {fileID: 0}
  m_PrefabInstance: {fileID: 0}
  m_PrefabAsset: {fileID: 0}
  serializedVersion: 6
  m_Component:
  - component: {fileID: 3875383762656894200}
  m_Layer: 0
  m_Name: thumb_03_l
  m_TagString: Untagged
  m_Icon: {fileID: 0}
  m_NavMeshLayer: 0
  m_StaticEditorFlags: 0
  m_IsActive: 1
--- !u!4 &3875383762656894200
Transform:
  m_ObjectHideFlags: 0
  m_CorrespondingSourceObject: {fileID: 0}
  m_PrefabInstance: {fileID: 0}
  m_PrefabAsset: {fileID: 0}
  m_GameObject: {fileID: 3875383762656894201}
  m_LocalRotation: {x: 0.01478177, y: -0.030982837, z: -0.08152062, w: 0.9960803}
  m_LocalPosition: {x: -0.047298487, y: -0.00032638563, z: 0.0001019219}
  m_LocalScale: {x: 1, y: 1, z: 1}
  m_Children: []
  m_Father: {fileID: 3875383762305619510}
  m_RootOrder: 0
  m_LocalEulerAnglesHint: {x: 0, y: 0, z: 0}
--- !u!1 &3875383762659013517
GameObject:
  m_ObjectHideFlags: 0
  m_CorrespondingSourceObject: {fileID: 0}
  m_PrefabInstance: {fileID: 0}
  m_PrefabAsset: {fileID: 0}
  serializedVersion: 6
  m_Component:
  - component: {fileID: 3875383762659013516}
  m_Layer: 0
  m_Name: Shield
  m_TagString: Untagged
  m_Icon: {fileID: 0}
  m_NavMeshLayer: 0
  m_StaticEditorFlags: 0
  m_IsActive: 1
--- !u!4 &3875383762659013516
Transform:
  m_ObjectHideFlags: 0
  m_CorrespondingSourceObject: {fileID: 0}
  m_PrefabInstance: {fileID: 0}
  m_PrefabAsset: {fileID: 0}
  m_GameObject: {fileID: 3875383762659013517}
  m_LocalRotation: {x: -0.0019436182, y: -0.70710415, z: -0.0019436182, w: 0.70710415}
  m_LocalPosition: {x: -0.4107887, y: 0.022665631, z: -0.7565539}
  m_LocalScale: {x: 1, y: 1, z: 1}
  m_Children: []
  m_Father: {fileID: 3875383762652938610}
  m_RootOrder: 0
  m_LocalEulerAnglesHint: {x: 0, y: 0, z: 0}
--- !u!1 &3875383762666745249
GameObject:
  m_ObjectHideFlags: 0
  m_CorrespondingSourceObject: {fileID: 0}
  m_PrefabInstance: {fileID: 0}
  m_PrefabAsset: {fileID: 0}
  serializedVersion: 6
  m_Component:
  - component: {fileID: 3875383762666745248}
  m_Layer: 0
  m_Name: foot_l
  m_TagString: Untagged
  m_Icon: {fileID: 0}
  m_NavMeshLayer: 0
  m_StaticEditorFlags: 0
  m_IsActive: 1
--- !u!4 &3875383762666745248
Transform:
  m_ObjectHideFlags: 0
  m_CorrespondingSourceObject: {fileID: 0}
  m_PrefabInstance: {fileID: 0}
  m_PrefabAsset: {fileID: 0}
  m_GameObject: {fileID: 3875383762666745249}
  m_LocalRotation: {x: 0.035581596, y: -0.032810636, z: -0.09361462, w: 0.9944314}
  m_LocalPosition: {x: 0.10713632, y: -0.0052270168, z: 0.001269436}
  m_LocalScale: {x: 1, y: 1, z: 1}
  m_Children:
  - {fileID: 3875383762421932016}
  m_Father: {fileID: 3875383762559851615}
  m_RootOrder: 0
  m_LocalEulerAnglesHint: {x: 0, y: 0, z: 0}
--- !u!1 &3875383762689646188
GameObject:
  m_ObjectHideFlags: 0
  m_CorrespondingSourceObject: {fileID: 0}
  m_PrefabInstance: {fileID: 0}
  m_PrefabAsset: {fileID: 0}
  serializedVersion: 6
  m_Component:
  - component: {fileID: 3875383762689646191}
  m_Layer: 0
  m_Name: spine_02
  m_TagString: Untagged
  m_Icon: {fileID: 0}
  m_NavMeshLayer: 0
  m_StaticEditorFlags: 0
  m_IsActive: 1
--- !u!4 &3875383762689646191
Transform:
  m_ObjectHideFlags: 0
  m_CorrespondingSourceObject: {fileID: 0}
  m_PrefabInstance: {fileID: 0}
  m_PrefabAsset: {fileID: 0}
  m_GameObject: {fileID: 3875383762689646188}
  m_LocalRotation: {x: 1.0348103e-18, y: -1.6696561e-16, z: -0.1185224, w: 0.9929514}
  m_LocalPosition: {x: -0.1186689, y: 0.020425145, z: 3.4389898e-17}
  m_LocalScale: {x: 1, y: 1, z: 1}
  m_Children:
  - {fileID: 3875383762497205305}
  m_Father: {fileID: 3875383762366420065}
  m_RootOrder: 0
  m_LocalEulerAnglesHint: {x: 0, y: 0, z: 0}
--- !u!1 &3875383762707683327
GameObject:
  m_ObjectHideFlags: 0
  m_CorrespondingSourceObject: {fileID: 0}
  m_PrefabInstance: {fileID: 0}
  m_PrefabAsset: {fileID: 0}
  serializedVersion: 6
  m_Component:
  - component: {fileID: 3875383762707683326}
  m_Layer: 0
  m_Name: Rabit01_r
  m_TagString: Untagged
  m_Icon: {fileID: 0}
  m_NavMeshLayer: 0
  m_StaticEditorFlags: 0
  m_IsActive: 1
--- !u!4 &3875383762707683326
Transform:
  m_ObjectHideFlags: 0
  m_CorrespondingSourceObject: {fileID: 0}
  m_PrefabInstance: {fileID: 0}
  m_PrefabAsset: {fileID: 0}
  m_GameObject: {fileID: 3875383762707683327}
  m_LocalRotation: {x: 0.16266909, y: -0.08705785, z: 0.86653847, w: 0.4637573}
  m_LocalPosition: {x: -0.14943, y: 0.118529506, z: 0.0871735}
  m_LocalScale: {x: 1, y: 1, z: 1}
  m_Children:
  - {fileID: 3875383762782418853}
  m_Father: {fileID: 3875383763066078918}
  m_RootOrder: 4
  m_LocalEulerAnglesHint: {x: 0, y: 0, z: 0}
--- !u!1 &3875383762736367397
GameObject:
  m_ObjectHideFlags: 0
  m_CorrespondingSourceObject: {fileID: 0}
  m_PrefabInstance: {fileID: 0}
  m_PrefabAsset: {fileID: 0}
  serializedVersion: 6
  m_Component:
  - component: {fileID: 3875383762736367396}
  m_Layer: 0
  m_Name: Dog02_r
  m_TagString: Untagged
  m_Icon: {fileID: 0}
  m_NavMeshLayer: 0
  m_StaticEditorFlags: 0
  m_IsActive: 1
--- !u!4 &3875383762736367396
Transform:
  m_ObjectHideFlags: 0
  m_CorrespondingSourceObject: {fileID: 0}
  m_PrefabInstance: {fileID: 0}
  m_PrefabAsset: {fileID: 0}
  m_GameObject: {fileID: 3875383762736367397}
  m_LocalRotation: {x: 0.082184434, y: 0.70231456, z: 0.082184434, w: 0.70231456}
  m_LocalPosition: {x: 0.00000038030342, y: 0.00000011595426, z: -0.09881613}
  m_LocalScale: {x: 1, y: 1, z: 1}
  m_Children:
  - {fileID: 3875383763063091812}
  m_Father: {fileID: 3875383762815738824}
  m_RootOrder: 0
  m_LocalEulerAnglesHint: {x: 0, y: 0, z: 0}
--- !u!1 &3875383762782418874
GameObject:
  m_ObjectHideFlags: 0
  m_CorrespondingSourceObject: {fileID: 0}
  m_PrefabInstance: {fileID: 0}
  m_PrefabAsset: {fileID: 0}
  serializedVersion: 6
  m_Component:
  - component: {fileID: 3875383762782418853}
  m_Layer: 0
  m_Name: Rabit02_r
  m_TagString: Untagged
  m_Icon: {fileID: 0}
  m_NavMeshLayer: 0
  m_StaticEditorFlags: 0
  m_IsActive: 1
--- !u!4 &3875383762782418853
Transform:
  m_ObjectHideFlags: 0
  m_CorrespondingSourceObject: {fileID: 0}
  m_PrefabInstance: {fileID: 0}
  m_PrefabAsset: {fileID: 0}
  m_GameObject: {fileID: 3875383762782418874}
  m_LocalRotation: {x: 0, y: 0, z: -0.015549913, w: 0.9998791}
  m_LocalPosition: {x: 0.23753238, y: 0.0000011094004, z: -0.00000031643373}
  m_LocalScale: {x: 1, y: 1, z: 1}
  m_Children:
  - {fileID: 3875383763227507428}
  m_Father: {fileID: 3875383762707683326}
  m_RootOrder: 0
  m_LocalEulerAnglesHint: {x: 0, y: 0, z: 0}
--- !u!1 &3875383762796227323
GameObject:
  m_ObjectHideFlags: 0
  m_CorrespondingSourceObject: {fileID: 0}
  m_PrefabInstance: {fileID: 0}
  m_PrefabAsset: {fileID: 0}
  serializedVersion: 6
  m_Component:
  - component: {fileID: 3875383762796227322}
  m_Layer: 0
  m_Name: lowerarm_r
  m_TagString: Untagged
  m_Icon: {fileID: 0}
  m_NavMeshLayer: 0
  m_StaticEditorFlags: 0
  m_IsActive: 1
--- !u!4 &3875383762796227322
Transform:
  m_ObjectHideFlags: 0
  m_CorrespondingSourceObject: {fileID: 0}
  m_PrefabInstance: {fileID: 0}
  m_PrefabAsset: {fileID: 0}
  m_GameObject: {fileID: 3875383762796227323}
  m_LocalRotation: {x: 0, y: 0, z: 0.010152468, w: 0.9999485}
  m_LocalPosition: {x: 0.21140663, y: -0.0020677692, z: -5.684342e-16}
  m_LocalScale: {x: 1, y: 1, z: 1}
  m_Children:
  - {fileID: 3875383761114090256}
  m_Father: {fileID: 3875383762372511384}
  m_RootOrder: 0
  m_LocalEulerAnglesHint: {x: 0, y: 0, z: 0}
--- !u!1 &3875383762815738825
GameObject:
  m_ObjectHideFlags: 0
  m_CorrespondingSourceObject: {fileID: 0}
  m_PrefabInstance: {fileID: 0}
  m_PrefabAsset: {fileID: 0}
  serializedVersion: 6
  m_Component:
  - component: {fileID: 3875383762815738824}
  m_Layer: 0
  m_Name: Dog01_r
  m_TagString: Untagged
  m_Icon: {fileID: 0}
  m_NavMeshLayer: 0
  m_StaticEditorFlags: 0
  m_IsActive: 1
--- !u!4 &3875383762815738824
Transform:
  m_ObjectHideFlags: 0
  m_CorrespondingSourceObject: {fileID: 0}
  m_PrefabInstance: {fileID: 0}
  m_PrefabAsset: {fileID: 0}
  m_GameObject: {fileID: 3875383762815738825}
  m_LocalRotation: {x: 0.7555581, y: 0.01143154, z: 0.654907, w: -0.009908698}
  m_LocalPosition: {x: -0.18350002, y: 0.0813874, z: 0.103089}
  m_LocalScale: {x: 1, y: 1, z: 1}
  m_Children:
  - {fileID: 3875383762736367396}
  m_Father: {fileID: 3875383763066078918}
  m_RootOrder: 1
  m_LocalEulerAnglesHint: {x: 0, y: 0, z: 0}
--- !u!1 &3875383762853349947
GameObject:
  m_ObjectHideFlags: 0
  m_CorrespondingSourceObject: {fileID: 0}
  m_PrefabInstance: {fileID: 0}
  m_PrefabAsset: {fileID: 0}
  serializedVersion: 6
  m_Component:
  - component: {fileID: 3875383762853349946}
  m_Layer: 0
  m_Name: thigh_r
  m_TagString: Untagged
  m_Icon: {fileID: 0}
  m_NavMeshLayer: 0
  m_StaticEditorFlags: 0
  m_IsActive: 1
--- !u!4 &3875383762853349946
Transform:
  m_ObjectHideFlags: 0
  m_CorrespondingSourceObject: {fileID: 0}
  m_PrefabInstance: {fileID: 0}
  m_PrefabAsset: {fileID: 0}
  m_GameObject: {fileID: 3875383762853349947}
  m_LocalRotation: {x: -0.037179276, y: -0.018561244, z: 0.99909705, w: 0.008848718}
  m_LocalPosition: {x: 0.02219912, y: 0.008744755, z: 0.108068995}
  m_LocalScale: {x: 1, y: 1, z: 1}
  m_Children:
  - {fileID: 3875383762101947756}
  m_Father: {fileID: 3875383762652938610}
  m_RootOrder: 4
  m_LocalEulerAnglesHint: {x: 0, y: 0, z: 0}
--- !u!1 &3875383762867097949
GameObject:
  m_ObjectHideFlags: 0
  m_CorrespondingSourceObject: {fileID: 0}
  m_PrefabInstance: {fileID: 0}
  m_PrefabAsset: {fileID: 0}
  serializedVersion: 6
  m_Component:
  - component: {fileID: 3875383762867097948}
  m_Layer: 0
  m_Name: Rabit01_l
  m_TagString: Untagged
  m_Icon: {fileID: 0}
  m_NavMeshLayer: 0
  m_StaticEditorFlags: 0
  m_IsActive: 1
--- !u!4 &3875383762867097948
Transform:
  m_ObjectHideFlags: 0
  m_CorrespondingSourceObject: {fileID: 0}
  m_PrefabInstance: {fileID: 0}
  m_PrefabAsset: {fileID: 0}
  m_GameObject: {fileID: 3875383762867097949}
  m_LocalRotation: {x: -0.08705785, y: -0.16266909, z: -0.4637573, w: 0.86653847}
  m_LocalPosition: {x: -0.1494289, y: 0.11852971, z: -0.08717348}
  m_LocalScale: {x: 1, y: 1, z: 1}
  m_Children:
  - {fileID: 3875383761163866540}
  m_Father: {fileID: 3875383763066078918}
  m_RootOrder: 3
  m_LocalEulerAnglesHint: {x: 0, y: 0, z: 0}
--- !u!1 &3875383762892614670
GameObject:
  m_ObjectHideFlags: 0
  m_CorrespondingSourceObject: {fileID: 0}
  m_PrefabInstance: {fileID: 0}
  m_PrefabAsset: {fileID: 0}
  serializedVersion: 6
  m_Component:
  - component: {fileID: 3875383762892614665}
  - component: {fileID: 3875383762892614666}
  - component: {fileID: 3875383762892614667}
  - component: {fileID: 3875383762892614664}
  m_Layer: 0
  m_Name: Sword01Free
  m_TagString: Untagged
  m_Icon: {fileID: 0}
  m_NavMeshLayer: 0
  m_StaticEditorFlags: 0
  m_IsActive: 1
--- !u!4 &3875383762892614665
Transform:
  m_ObjectHideFlags: 0
  m_CorrespondingSourceObject: {fileID: 0}
  m_PrefabInstance: {fileID: 0}
  m_PrefabAsset: {fileID: 0}
  m_GameObject: {fileID: 3875383762892614670}
  m_LocalRotation: {x: -0.70839787, y: -0.00031847606, z: -0.002209168, w: 0.7058099}
  m_LocalPosition: {x: 0.104853556, y: -0.009751981, z: 0.004107195}
  m_LocalScale: {x: 1, y: 1, z: 1}
  m_Children: []
  m_Father: {fileID: 3875383761114090256}
  m_RootOrder: 3
  m_LocalEulerAnglesHint: {x: 0, y: 0, z: 0}
--- !u!33 &3875383762892614666
MeshFilter:
  m_ObjectHideFlags: 0
  m_CorrespondingSourceObject: {fileID: 0}
  m_PrefabInstance: {fileID: 0}
  m_PrefabAsset: {fileID: 0}
  m_GameObject: {fileID: 3875383762892614670}
  m_Mesh: {fileID: 4300000, guid: 9ef625d01f79b4e4eb62fcdf032954ca, type: 3}
--- !u!23 &3875383762892614667
MeshRenderer:
  m_ObjectHideFlags: 0
  m_CorrespondingSourceObject: {fileID: 0}
  m_PrefabInstance: {fileID: 0}
  m_PrefabAsset: {fileID: 0}
  m_GameObject: {fileID: 3875383762892614670}
  m_Enabled: 1
  m_CastShadows: 1
  m_ReceiveShadows: 1
  m_DynamicOccludee: 1
  m_MotionVectors: 1
  m_LightProbeUsage: 1
  m_ReflectionProbeUsage: 1
  m_RenderingLayerMask: 1
  m_RendererPriority: 0
  m_Materials:
  - {fileID: 2100000, guid: da05e49adf02c134f88f541992ee78d2, type: 2}
  m_StaticBatchInfo:
    firstSubMesh: 0
    subMeshCount: 0
  m_StaticBatchRoot: {fileID: 0}
  m_ProbeAnchor: {fileID: 0}
  m_LightProbeVolumeOverride: {fileID: 0}
  m_ScaleInLightmap: 1
  m_PreserveUVs: 0
  m_IgnoreNormalsForChartDetection: 0
  m_ImportantGI: 0
  m_StitchLightmapSeams: 0
  m_SelectedEditorRenderState: 3
  m_MinimumChartSize: 4
  m_AutoUVMaxDistance: 0.5
  m_AutoUVMaxAngle: 89
  m_LightmapParameters: {fileID: 0}
  m_SortingLayerID: 0
  m_SortingLayer: 0
  m_SortingOrder: 0
--- !u!64 &3875383762892614664
MeshCollider:
  m_ObjectHideFlags: 0
  m_CorrespondingSourceObject: {fileID: 0}
  m_PrefabInstance: {fileID: 0}
  m_PrefabAsset: {fileID: 0}
  m_GameObject: {fileID: 3875383762892614670}
  m_Material: {fileID: 0}
  m_IsTrigger: 0
  m_Enabled: 1
  serializedVersion: 3
  m_Convex: 1
  m_CookingOptions: 14
  m_Mesh: {fileID: 4300000, guid: 9ef625d01f79b4e4eb62fcdf032954ca, type: 3}
--- !u!1 &3875383762925661509
GameObject:
  m_ObjectHideFlags: 0
  m_CorrespondingSourceObject: {fileID: 0}
  m_PrefabInstance: {fileID: 0}
  m_PrefabAsset: {fileID: 0}
  serializedVersion: 6
  m_Component:
  - component: {fileID: 3875383762925661508}
  m_Layer: 0
  m_Name: Tail05
  m_TagString: Untagged
  m_Icon: {fileID: 0}
  m_NavMeshLayer: 0
  m_StaticEditorFlags: 0
  m_IsActive: 1
--- !u!4 &3875383762925661508
Transform:
  m_ObjectHideFlags: 0
  m_CorrespondingSourceObject: {fileID: 0}
  m_PrefabInstance: {fileID: 0}
  m_PrefabAsset: {fileID: 0}
  m_GameObject: {fileID: 3875383762925661509}
  m_LocalRotation: {x: -0.6989689, y: 0.7151521, z: 2.0258609e-16, w: -1.9800177e-16}
  m_LocalPosition: {x: -0.02187072, y: 0.16057724, z: -7.600249e-17}
  m_LocalScale: {x: 1, y: 1, z: 1}
  m_Children:
  - {fileID: 3875383761599190166}
  m_Father: {fileID: 3875383762652938610}
  m_RootOrder: 2
  m_LocalEulerAnglesHint: {x: 0, y: 0, z: 0}
--- !u!1 &3875383762941719889
GameObject:
  m_ObjectHideFlags: 0
  m_CorrespondingSourceObject: {fileID: 0}
  m_PrefabInstance: {fileID: 0}
  m_PrefabAsset: {fileID: 0}
  serializedVersion: 6
  m_Component:
  - component: {fileID: 3875383762941719888}
  m_Layer: 0
  m_Name: thumb_03_r
  m_TagString: Untagged
  m_Icon: {fileID: 0}
  m_NavMeshLayer: 0
  m_StaticEditorFlags: 0
  m_IsActive: 1
--- !u!4 &3875383762941719888
Transform:
  m_ObjectHideFlags: 0
  m_CorrespondingSourceObject: {fileID: 0}
  m_PrefabInstance: {fileID: 0}
  m_PrefabAsset: {fileID: 0}
  m_GameObject: {fileID: 3875383762941719889}
  m_LocalRotation: {x: 0.01478177, y: -0.030982837, z: -0.08152062, w: 0.9960803}
  m_LocalPosition: {x: 0.047298215, y: 0.00032664675, z: -0.00010212635}
  m_LocalScale: {x: 1, y: 1, z: 1}
  m_Children: []
  m_Father: {fileID: 3875383761537785711}
  m_RootOrder: 0
  m_LocalEulerAnglesHint: {x: 0, y: 0, z: 0}
--- !u!1 &3875383763046547668
GameObject:
  m_ObjectHideFlags: 0
  m_CorrespondingSourceObject: {fileID: 0}
  m_PrefabInstance: {fileID: 0}
  m_PrefabAsset: {fileID: 0}
  serializedVersion: 6
  m_Component:
  - component: {fileID: 3875383763046547671}
  m_Layer: 0
  m_Name: thumb_01_l
  m_TagString: Untagged
  m_Icon: {fileID: 0}
  m_NavMeshLayer: 0
  m_StaticEditorFlags: 0
  m_IsActive: 1
--- !u!4 &3875383763046547671
Transform:
  m_ObjectHideFlags: 0
  m_CorrespondingSourceObject: {fileID: 0}
  m_PrefabInstance: {fileID: 0}
  m_PrefabAsset: {fileID: 0}
  m_GameObject: {fileID: 3875383763046547668}
  m_LocalRotation: {x: 0.5163034, y: -0.48260537, z: 0.112008244, w: 0.6985535}
  m_LocalPosition: {x: -0.047104318, y: 0.023203261, z: -0.056340285}
  m_LocalScale: {x: 1, y: 1, z: 1}
  m_Children:
  - {fileID: 3875383762305619510}
  m_Father: {fileID: 3875383761541996764}
  m_RootOrder: 2
  m_LocalEulerAnglesHint: {x: 0, y: 0, z: 0}
--- !u!1 &3875383763050159652
GameObject:
  m_ObjectHideFlags: 0
  m_CorrespondingSourceObject: {fileID: 0}
  m_PrefabInstance: {fileID: 0}
  m_PrefabAsset: {fileID: 0}
  serializedVersion: 6
  m_Component:
  - component: {fileID: 3875383763050159655}
  m_Layer: 0
  m_Name: Tail01
  m_TagString: Untagged
  m_Icon: {fileID: 0}
  m_NavMeshLayer: 0
  m_StaticEditorFlags: 0
  m_IsActive: 1
--- !u!4 &3875383763050159655
Transform:
  m_ObjectHideFlags: 0
  m_CorrespondingSourceObject: {fileID: 0}
  m_PrefabInstance: {fileID: 0}
  m_PrefabAsset: {fileID: 0}
  m_GameObject: {fileID: 3875383763050159652}
  m_LocalRotation: {x: 0.38658842, y: -0.5920721, z: 0.38658842, w: 0.5920721}
  m_LocalPosition: {x: -0.18719168, y: -2.4868996e-16, z: 2.1023629e-17}
  m_LocalScale: {x: 1, y: 1, z: 1}
  m_Children: []
  m_Father: {fileID: 3875383762014189099}
  m_RootOrder: 0
  m_LocalEulerAnglesHint: {x: 0, y: 0, z: 0}
--- !u!1 &3875383763063091813
GameObject:
  m_ObjectHideFlags: 0
  m_CorrespondingSourceObject: {fileID: 0}
  m_PrefabInstance: {fileID: 0}
  m_PrefabAsset: {fileID: 0}
  serializedVersion: 6
  m_Component:
  - component: {fileID: 3875383763063091812}
  m_Layer: 0
  m_Name: Dog03_r
  m_TagString: Untagged
  m_Icon: {fileID: 0}
  m_NavMeshLayer: 0
  m_StaticEditorFlags: 0
  m_IsActive: 1
--- !u!4 &3875383763063091812
Transform:
  m_ObjectHideFlags: 0
  m_CorrespondingSourceObject: {fileID: 0}
  m_PrefabInstance: {fileID: 0}
  m_PrefabAsset: {fileID: 0}
  m_GameObject: {fileID: 3875383763063091813}
  m_LocalRotation: {x: -0.082184434, y: -0.70231456, z: -0.082184434, w: 0.70231456}
  m_LocalPosition: {x: 0.11749515, y: -0.00000025022345, z: -0.00000025208118}
  m_LocalScale: {x: 1, y: 1, z: 1}
  m_Children: []
  m_Father: {fileID: 3875383762736367396}
  m_RootOrder: 0
  m_LocalEulerAnglesHint: {x: 0, y: 0, z: 0}
--- !u!1 &3875383763066078919
GameObject:
  m_ObjectHideFlags: 0
  m_CorrespondingSourceObject: {fileID: 0}
  m_PrefabInstance: {fileID: 0}
  m_PrefabAsset: {fileID: 0}
  serializedVersion: 6
  m_Component:
  - component: {fileID: 3875383763066078918}
  m_Layer: 0
  m_Name: head
  m_TagString: Untagged
  m_Icon: {fileID: 0}
  m_NavMeshLayer: 0
  m_StaticEditorFlags: 0
  m_IsActive: 1
--- !u!4 &3875383763066078918
Transform:
  m_ObjectHideFlags: 0
  m_CorrespondingSourceObject: {fileID: 0}
  m_PrefabInstance: {fileID: 0}
  m_PrefabAsset: {fileID: 0}
  m_GameObject: {fileID: 3875383763066078919}
  m_LocalRotation: {x: 0, y: 0, z: -0.040376835, w: 0.99918455}
  m_LocalPosition: {x: -0.18595001, y: -0.024134459, z: 5.84891e-17}
  m_LocalScale: {x: 1, y: 1, z: 1}
  m_Children:
  - {fileID: 3875383761907111535}
  - {fileID: 3875383762815738824}
  - {fileID: 3875383761948555558}
  - {fileID: 3875383762867097948}
  - {fileID: 3875383762707683326}
  - {fileID: 3875383762230857027}
  - {fileID: 3875383761659798904}
  m_Father: {fileID: 3875383762348148969}
  m_RootOrder: 0
  m_LocalEulerAnglesHint: {x: 0, y: 0, z: 0}
--- !u!1 &3875383763076470210
GameObject:
  m_ObjectHideFlags: 0
  m_CorrespondingSourceObject: {fileID: 0}
  m_PrefabInstance: {fileID: 0}
  m_PrefabAsset: {fileID: 0}
  serializedVersion: 6
  m_Component:
  - component: {fileID: 3875383763076470221}
  m_Layer: 0
  m_Name: Dog03_l
  m_TagString: Untagged
  m_Icon: {fileID: 0}
  m_NavMeshLayer: 0
  m_StaticEditorFlags: 0
  m_IsActive: 1
--- !u!4 &3875383763076470221
Transform:
  m_ObjectHideFlags: 0
  m_CorrespondingSourceObject: {fileID: 0}
  m_PrefabInstance: {fileID: 0}
  m_PrefabAsset: {fileID: 0}
  m_GameObject: {fileID: 3875383763076470210}
  m_LocalRotation: {x: -0.082184434, y: -0.70231456, z: -0.082184434, w: 0.70231456}
  m_LocalPosition: {x: -0.1174944, y: 1.4210854e-16, z: -2.6645352e-17}
  m_LocalScale: {x: 1, y: 1, z: 1}
  m_Children: []
  m_Father: {fileID: 3875383761709958224}
  m_RootOrder: 0
  m_LocalEulerAnglesHint: {x: 0, y: 0, z: 0}
--- !u!1 &3875383763107710401
GameObject:
  m_ObjectHideFlags: 0
  m_CorrespondingSourceObject: {fileID: 0}
  m_PrefabInstance: {fileID: 0}
  m_PrefabAsset: {fileID: 0}
  serializedVersion: 6
  m_Component:
  - component: {fileID: 3875383763107710400}
  m_Layer: 0
  m_Name: clavicle_r
  m_TagString: Untagged
  m_Icon: {fileID: 0}
  m_NavMeshLayer: 0
  m_StaticEditorFlags: 0
  m_IsActive: 1
--- !u!4 &3875383763107710400
Transform:
  m_ObjectHideFlags: 0
  m_CorrespondingSourceObject: {fileID: 0}
  m_PrefabInstance: {fileID: 0}
  m_PrefabAsset: {fileID: 0}
  m_GameObject: {fileID: 3875383763107710401}
  m_LocalRotation: {x: 0.7459689, y: 0.15998697, z: 0.64623725, w: 0.01766271}
  m_LocalPosition: {x: -0.089773625, y: -0.038877536, z: 0.106422}
  m_LocalScale: {x: 1, y: 1, z: 1}
  m_Children:
  - {fileID: 3875383762372511384}
  m_Father: {fileID: 3875383762497205305}
  m_RootOrder: 1
  m_LocalEulerAnglesHint: {x: 0, y: 0, z: 0}
--- !u!1 &3875383763181195138
GameObject:
  m_ObjectHideFlags: 0
  m_CorrespondingSourceObject: {fileID: 0}
  m_PrefabInstance: {fileID: 0}
  m_PrefabAsset: {fileID: 0}
  serializedVersion: 6
  m_Component:
  - component: {fileID: 3875383763181195149}
  - component: {fileID: 3875383763181195150}
  - component: {fileID: 3875383763181195151}
  - component: {fileID: 3875383763181195148}
  m_Layer: 0
  m_Name: Shield01Free
  m_TagString: Untagged
  m_Icon: {fileID: 0}
  m_NavMeshLayer: 0
  m_StaticEditorFlags: 0
  m_IsActive: 1
--- !u!4 &3875383763181195149
Transform:
  m_ObjectHideFlags: 0
  m_CorrespondingSourceObject: {fileID: 0}
  m_PrefabInstance: {fileID: 0}
  m_PrefabAsset: {fileID: 0}
  m_GameObject: {fileID: 3875383763181195138}
  m_LocalRotation: {x: 0.70580983, y: -0.0022091705, z: 0.00031847254, w: 0.7083978}
  m_LocalPosition: {x: -0.10485296, y: 0.009752304, z: -0.00410721}
  m_LocalScale: {x: 1, y: 1, z: 1}
  m_Children: []
  m_Father: {fileID: 3875383761541996764}
  m_RootOrder: 3
  m_LocalEulerAnglesHint: {x: 0, y: 0, z: 0}
--- !u!33 &3875383763181195150
MeshFilter:
  m_ObjectHideFlags: 0
  m_CorrespondingSourceObject: {fileID: 0}
  m_PrefabInstance: {fileID: 0}
  m_PrefabAsset: {fileID: 0}
  m_GameObject: {fileID: 3875383763181195138}
  m_Mesh: {fileID: 4300000, guid: 588cb1a3084bba747b81631d0c071523, type: 3}
--- !u!23 &3875383763181195151
MeshRenderer:
  m_ObjectHideFlags: 0
  m_CorrespondingSourceObject: {fileID: 0}
  m_PrefabInstance: {fileID: 0}
  m_PrefabAsset: {fileID: 0}
  m_GameObject: {fileID: 3875383763181195138}
  m_Enabled: 1
  m_CastShadows: 1
  m_ReceiveShadows: 1
  m_DynamicOccludee: 1
  m_MotionVectors: 1
  m_LightProbeUsage: 1
  m_ReflectionProbeUsage: 1
  m_RenderingLayerMask: 1
  m_RendererPriority: 0
  m_Materials:
  - {fileID: 2100000, guid: da05e49adf02c134f88f541992ee78d2, type: 2}
  m_StaticBatchInfo:
    firstSubMesh: 0
    subMeshCount: 0
  m_StaticBatchRoot: {fileID: 0}
  m_ProbeAnchor: {fileID: 0}
  m_LightProbeVolumeOverride: {fileID: 0}
  m_ScaleInLightmap: 1
  m_PreserveUVs: 0
  m_IgnoreNormalsForChartDetection: 0
  m_ImportantGI: 0
  m_StitchLightmapSeams: 0
  m_SelectedEditorRenderState: 3
  m_MinimumChartSize: 4
  m_AutoUVMaxDistance: 0.5
  m_AutoUVMaxAngle: 89
  m_LightmapParameters: {fileID: 0}
  m_SortingLayerID: 0
  m_SortingLayer: 0
  m_SortingOrder: 0
--- !u!64 &3875383763181195148
MeshCollider:
  m_ObjectHideFlags: 0
  m_CorrespondingSourceObject: {fileID: 0}
  m_PrefabInstance: {fileID: 0}
  m_PrefabAsset: {fileID: 0}
  m_GameObject: {fileID: 3875383763181195138}
  m_Material: {fileID: 0}
  m_IsTrigger: 0
  m_Enabled: 1
  serializedVersion: 3
  m_Convex: 1
  m_CookingOptions: 14
  m_Mesh: {fileID: 4300000, guid: 588cb1a3084bba747b81631d0c071523, type: 3}
--- !u!1 &3875383763210484021
GameObject:
  m_ObjectHideFlags: 0
  m_CorrespondingSourceObject: {fileID: 0}
  m_PrefabInstance: {fileID: 0}
  m_PrefabAsset: {fileID: 0}
  serializedVersion: 6
  m_Component:
  - component: {fileID: 3875383763210484020}
  m_Layer: 0
  m_Name: ring_02_r
  m_TagString: Untagged
  m_Icon: {fileID: 0}
  m_NavMeshLayer: 0
  m_StaticEditorFlags: 0
  m_IsActive: 1
--- !u!4 &3875383763210484020
Transform:
  m_ObjectHideFlags: 0
  m_CorrespondingSourceObject: {fileID: 0}
  m_PrefabInstance: {fileID: 0}
  m_PrefabAsset: {fileID: 0}
  m_GameObject: {fileID: 3875383763210484021}
  m_LocalRotation: {x: 0.017940473, y: 0.009724062, z: -0.01808565, w: 0.9996282}
  m_LocalPosition: {x: 0.05752217, y: 0.0022442776, z: 0.0006414931}
  m_LocalScale: {x: 1, y: 1, z: 1}
  m_Children:
  - {fileID: 3875383761700819337}
  m_Father: {fileID: 3875383761099618648}
  m_RootOrder: 0
  m_LocalEulerAnglesHint: {x: 0, y: 0, z: 0}
--- !u!1 &3875383763227507429
GameObject:
  m_ObjectHideFlags: 0
  m_CorrespondingSourceObject: {fileID: 0}
  m_PrefabInstance: {fileID: 0}
  m_PrefabAsset: {fileID: 0}
  serializedVersion: 6
  m_Component:
  - component: {fileID: 3875383763227507428}
  m_Layer: 0
  m_Name: Rabit03_r
  m_TagString: Untagged
  m_Icon: {fileID: 0}
  m_NavMeshLayer: 0
  m_StaticEditorFlags: 0
  m_IsActive: 1
--- !u!4 &3875383763227507428
Transform:
  m_ObjectHideFlags: 0
  m_CorrespondingSourceObject: {fileID: 0}
  m_PrefabInstance: {fileID: 0}
  m_PrefabAsset: {fileID: 0}
  m_GameObject: {fileID: 3875383763227507429}
  m_LocalRotation: {x: 0.343308, y: -0.61817443, z: 0.343308, w: 0.61817443}
  m_LocalPosition: {x: 0.24194717, y: -0.00000090337085, z: -0.00000047240744}
  m_LocalScale: {x: 1, y: 1, z: 1}
  m_Children: []
  m_Father: {fileID: 3875383762782418853}
  m_RootOrder: 0
  m_LocalEulerAnglesHint: {x: 0, y: 0, z: 0}
